3548 5580
778 530 968 604 „ax

217 724 256 801 ἃς
266 722 343 794 οὐδὲ
351 723 404 812 (οὗ
414 728 500 812 cod.)
506 726 686 799 Κύνουλκος
696 726 976 813 τολμᾷλοιδορεῖν,
988 726 1089 809 μόνας
1099 750 1134 808 γε
1146 729 1195 810 (τε
1204 727 1286 812 cod.;
1296 724 1548 810 coruschweig-

216 833 365 914 haeuser)
394 831 457 896 τῶν
484 828 588 896 ἄλλων
613 828 767 912 γυναικῶν
797 833 843 915 τῷ
874 835 928 914 τῆς
957 830 1061 912 φιλίας
1089 822 1223 911 ὀνόματι
1243 834 1549 917 προςηγορευμὲνας.

217 935 437 1023 Expositurus
460 938 559 1023 igitur
583 946 631 1000 est
655 944 687 999 et
708 933 861 998 vocabuli
882 931 991 1015 ἑταίρα
1020 936 1211 997 sententiam
1234 933 1398 1021 duplicem
1422 955 1492 997 esse
1516 944 1550 996 et

217 1040 336 1103 amicas
356 1048 447 1103 recte
469 1036 593 1119 ἑταίρας
608 1039 733 1118 vocari3
751 1047 782 1101 et
798 1039 931 1123 exponit
941 1037 1065 1122 postea.
1097 1034 1161 1100 Sed
1178 1046 1351 1122 antequam
1372 1035 1413 1099 ad
1427 1058 1549 1099 novam

217 1140 301 1204 hanc
316 1143 539 1226 quaestionem
554 1139 782 1226 perducamur,
803 1141 836 1202 in
851 1139 1006 1203 nonnulla
1021 1137 1201 1222 incidimus,
1225 1139 1343 1225 quibus
1366 1139 1549 1201 orationem

218 1242 329 1306 divelli
350 1241 645 1307 animadvertimus,
681 1241 789 1327 Legas
808 1243 899 1326 enim,
920 1240 1083 1327 quomodo
1100 1241 1254 1326 Myrtilus
1275 1249 1408 1327 pergat:
1432 1231 1451 1324 ἢ
1474 1230 1548 1302 dut

215 1343 271 1429 τῆς
301 1338 389 1427 παρὰ
417 1352 486 1415 τοῖς
506 1336 691 1430 Ἀθηναίοις
718 1343 912 1426 καλουμένης
940 1339 1080 1423 Ἑταίρας
1112 1339 1191 1428 [τῆς]
1220 1334 1439 1426 Ἀφροδίτης.
1470 1340 1549 1424 περὶ

217 1431 255 1531 ἧς
272 1465 371 1531 φησιν
392 1442 595 1529 ὁἈθηναῖος
608 1436 862 1531 Ἀπολλόδωρος
883 1441 918 1508 ἐν
938 1453 1006 1514 τοῖς
1031 1446 1108 1526 περὶ
1127 1449 1216 1508 θεῶν
1239 1437 1352 1514 οὕτως·
1395 1439 1549 1524 Ἓταίραν

218 1547 254 1612 oa*
274 1545 333 1634 τὴν
350 1540 557 1632 Ἀφροδίτην
578 1544 637 1631 τὴν
658 1541 730 1618 τούς
751 1545 894 1629 ἑταίρους
925 1548 977 1610 καὶ
999 1543 1054 1618 τὰς
1074 1545 1199 1630 ἑταίρας
1226 1545 1422 1625 συνάγουσαν
1454 1543 1549 1608 τοῦτο

217 1645 319 1715 δ’ἐστὶ
341 1651 443 1734 φίλας.
487 1650 653 1716 Particula
675 1642 785 1734 dante
800 1642 866 1712 ἀπὸ
880 1651 987 1736 posita
1002 1650 1194 1736 colligimus,
1217 1649 1435 1734 veriloquium
1456 1649 1548 1712 vocis

218 1752 343 1834 ἑταίρας
365 1756 592 1839 antecessisse,
621 1767 655 1817 at
675 1776 740 1817 non
763 1754 943 1816 antecessit.
986 1752 1212 1838 Veriloquium
1237 1764 1345 1817 autem
1367 1750 1459 1833 illud,
1483 1773 1547 1836 quo

219 1879 337 1922 nomen
360 1855 471 1940 ἑταίρα
492 1857 533 1920 ab
557 1855 802 1920 Atheniensium
817 1855 946 1919 Venere
960 1853 1148 1941 Vulgivaga
1171 1858 1339 1941 repetitur,
1362 1865 1398 1918 ut
1421 1863 1472 1918 est
1488 1876 1548 1939 per

218 1983 253 2023 se
274 1961 430 2045 ineptum,
453 1960 498 2023 ita
514 1973 546 2022 et
561 1959 728 2022 inventum
751 1970 782 2021 et
803 1958 988 2043 appositum
1012 1967 1069 2040 est,
1092 1968 1128 2020 ut
1151 1957 1260 2042 aliqua
1274 1959 1400 2021 ratione
1413 1955 1547 2042 Apollo·

219 2061 290 2126 dori
324 2062 415 2125 locus
448 2060 649 2125 adnectatur.
704 2058 768 2139 Qui
801 2061 871 2146 ipse
903 2058 983 2122 nihil
1015 2058 1057 2123 ad
1089 2061 1285 2142 meretrices,
1319 2058 1376 2123 sed
1400 2081 1484 2144 quae
1508 2061 1549 2122 sit

218 2163 355 2228 Veneris
379 2163 579 2248 cognominis
600 2160 804 2249 significatio,
825 2163 971 2226 breviter
992 2161 1096 2226 docet.
1141 2160 1206 2226 Sed
1227 2161 1348 2226 multus
1368 2183 1439 2225 sum
1459 2163 1493 2224 in
1513 2182 1549 2224 rc

220 2278 350 2352 aperta:
380 2264 511 2330 aliunde
542 2267 626 2327 enirn
648 2253 836 2329 Athenaeus
864 2265 1010 2347 inseruit,
1039 2286 1124 2349 quae
1154 2263 1194 2328 de
1223 2264 1353 2328 Venere
1374 2263 1550 2327 Meretrice

220 2369 354 2453 legerat.
405 2365 530 2431 Verum
561 2389 602 2430 ne
633 2366 685 2430 hic
711 2366 841 2452 quidem
877 2368 910 2430 in
939 2367 1079 2432 obscuro
1111 2381 1174 2452 est,
1207 2390 1271 2453 qua
1299 2389 1335 2430 re
1368 2377 1551 2430 commotus

219 2471 407 2536 Athenaeus
424 2467 618 2555 Apollodori
642 2470 858 2554 fragmentum
883 2470 1037 2556 farragini
1059 2493 1212 2534 versuum
1236 2493 1253 2533 e
1277 2469 1408 2533 comicis
1429 2471 1549 2554 repeti·

221 2588 328 2638 torum
351 2573 531 2636 inseruerit.
573 2571 658 2635 Nam
672 2570 903 2658 Apollodorus,
925 2585 962 2636 ut
977 2596 1068 2636 suam
1087 2569 1281 2656 ἐπικλήσεως
1297 2571 1549 2658 explicationem

220 2674 373 2760 stabiliat,
396 2675 476 2739 haec
499 2673 605 2741 addit:
626 2673 756 2736 notorior
777 2672 855 2754 γοῦν
874 2675 926 2737 καὶ
948 2673 983 2737 αἱ
1003 2670 1170 2758 ἐλεύθεραι
1191 2682 1332 2752 γυναῖκες
1351 2672 1399 2738 ἔτι
1415 2674 1469 2736 καὶ
1490 2675 1551 2736 νῦν

218 2777 270 2839 καί
299 2775 333 2839 αἱ
360 2779 521 2858 παρθένοι
549 2773 606 2846 τὰς
634 2773 788 2860 συνήθεις
815 2777 867 2839 καὶ
897 2777 989 2857 φίλας
1018 2775 1142 2860 ἑταίρας
1174 2773 1216 2847 ὦς
1244 2773 1263 2861 ἡ
1291 2771 1439 2858 Σαπφώ·
1470 2773 1552 2840 τάδε

219 2879 278 2943 νῦν
299 2876 436 2960 ἑταίραις
465 2886 533 2950 ταῖς
561 2875 650 2959 ἐμαῖς
676 2877 800 2960 τερπνὰ
820 2878 922 2948 καλῶς
944 2876 1056 2943 ἀείσω·
1078 2881 1129 2944 καὶ
1151 2875 1213 2942 ἔτι·
1247 2875 1351 2941 Λατὼ
1372 2879 1424 2941 καὶ
1444 2875 1551 2961 Νιόβα

219 2979 307 3062 μάλα
339 2981 401 3061 μὲν
434 2981 524 3062 φίλαι
557 2971 638 3068 ἦσαν
669 2976 801 3060 ἑταῖραι.
859 2981 965 3062 Quem
997 2983 1104 3047 locum
1135 2981 1331 3069 Apollodori
1366 3003 1453 3065 esse,
1482 3002 1545 3044 non

220 3084 389 3166 Athenaei,
418 3085 495 3170 quia
519 3107 556 3150 eo
585 3084 716 3170 dempto
739 3085 841 3148 verba
869 3085 964 3147 τοῦτο
986 3080 1086 3148 δ’ἔστι
1108 3084 1201 3166 φίλας
1223 3107 1286 3148 non
1308 3083 1545 3170 intellegantur,

220 3187 261 3252 U.
283 3186 324 3251 de
350 3186 565 3252 Wilamowitz
591 3209 643 3250 me
672 3196 789 3251 monet.
841 3185 901 3250 His
930 3199 1038 3251 autem
1065 3190 1099 3251 in
1121 3188 1230 3252 verbis
1252 3189 1356 3251 inerat
1381 3210 1428 3271 ea,
1451 3208 1549 3273 quam

220 3289 375 3377 Myrtilus
394 3299 427 3353 et
449 3288 637 3353 Athenaeus
658 3288 879 3375 postulabant,
909 3290 1061 3354 vocabuli
1088 3287 1213 3373 ἑταίρας
1242 3289 1425 3376 explicatio.
1476 3289 1553 3370 Qua

221 3392 350 3480 prolata
373 3391 528 3477 Myrtilus
550 3389 593 3456 ad
614 3393 755 3455 comicos
782 3414 934 3456 reversus
957 3395 1065 3479 pergit
1088 3391 1255 3479 disputare
1279 3403 1311 3456 et
1333 3391 1456 3479 duplex
1480 3415 1553 3458 esse

221 3517 323 3581 genus
344 3516 526 3579 nomenque
557 3491 681 3575 ἑταίρας
703 3492 808 3558 denuo
836 3492 1046 3578 demonstrat,
1075 3518 1149 3559 cum
1168 3493 1331 3559 nonnullis
1352 3496 1555 3560 comicorum

220 3598 310 3680 locis,
347 3596 517 3660 Menandri
546 3596 688 3683 Ephippi
717 3595 839 3660 Eubuli
858 3596 1062 3682 ,Antiphanis
1092 3596 1262 3680 Anaxilae,
1302 3620 1414 3662 earum
1448 3600 1556 3664 vitam

221 3701 267 3765 ita
288 3700 440 3782 illustret,
473 3710 509 3762 ut
537 3698 651 3763 horum
681 3721 795 3764 versus
825 3698 867 3763 ad
896 3699 977 3764 illud
1007 3699 1178 3765 discrimen
1201 3699 1374 3766 videantur
1401 3710 1556 3786 spectare

222 3803 277 3883 (cf.
298 3803 454 3891 imprimis
476 3799 701 3885 Menandrum,
727 3800 912 3885 Anaxilam,
941 3801 1158 3889 Antiphonem
1181 3827 1213 3890 p.
1234 3804 1297 3868 572
1321 3826 1349 3868 a.
1372 3804 1423 3882 λι).
1475 3801 1556 3870 Huc

223 3926 307 3991 quae
330 3905 454 3969 faciunt
477 3905 598 3990 optime
621 3904 795 3968 cohaerent
821 3927 928 3990 neque
951 3904 1031 3970 ordo
1055 3908 1286 3970 sententiarum
1308 3906 1556 3992 verborumque

222 4029 325 4073 nexus
345 4016 454 4093 potest
475 4007 665 4093 vituperari.
710 4004 823 4070 Omnis
845 4018 952 4071 autem
976 4009 1129 4072 orationis
1153 4009 1356 4094 perpetuitas
1377 4012 1556 4094 evanescit,

223 4109 358 4175 simulac
381 4107 587 4195 pathicorum
608 4110 729 4172 mentio
752 4109 840 4173 facta
864 4119 913 4173 est
935 4110 1011 4190 (572
1029 4112 1070 4191 c).
1113 4109 1163 4174 Ac
1186 4112 1294 4174 statim
1318 4112 1555 4197 cognoscimus,

222 4211 298 4275 inde
327 4211 368 4276 ab
398 4209 459 4275 hoc
489 4209 561 4275 loco
584 4209 789 4275 Athenaeum
817 4213 940 4276 versari
969 4213 1002 4276 in
1031 4211 1192 4279 scribendi
1215 4235 1336 4299 genere
1356 4214 1453 4300 longe
1476 4215 1554 4282 alio.

223 4313 332 4380 Antea
357 4315 441 4377 enim
462 4334 531 4377 rem
553 4315 599 4378 sic
622 4315 817 4397 instituerat,
845 4323 891 4397 ut,
922 4314 1081 4401 quidquid
1107 4317 1253 4400 gerebat,
1283 4317 1375 4402 quasi
1397 4316 1454 4381 filo
1478 4340 1553 4382 con-

224 4419 315 4481 tinuo
331 4427 532 4498 conecteret3
553 4438 638 4480 nunc
661 4416 739 4479 nihil
761 4416 826 4481 iam
846 4417 907 4481 nisi
922 4416 1090 4482 doctrinae
1107 4429 1139 4482 et
1155 4402 1344 4483 eruditionis
1358 4418 1556 4485 documenta

226 4530 400 4584 coacervat
423 4531 455 4584 et
477 4530 576 4605 auget
596 4518 750 4604 locosque
771 4519 852 4583 locis
876 4519 1029 4602 cumulat,
1052 4543 1157 4607 neque
1179 4521 1248 4585 ulla
1271 4523 1354 4586 inter
1377 4544 1432 4586 eos
1454 4524 1554 4588 inter·

225 4620 311 4686 cedit
339 4623 424 4686 ratio
456 4634 513 4687 aut
539 4619 706 4703 adfinitas,
733 4622 794 4685 nisi
824 4620 913 4707 quod
942 4623 1083 4686 omnium
1113 4635 1340 4708 argumentum
1366 4627 1554 4692 meretrices

225 4733 310 4804 sunt,
338 4721 379 4788 de
403 4724 521 4810 quibus
542 4721 671 4787 videtur
700 4725 898 4807 congessisse
921 4724 1080 4811 quidquid
1103 4727 1224 4814 ubique
1245 4738 1375 4815 poterat
1398 4729 1555 4796 invenire.

225 4825 276 4892 Ne
303 4824 339 4892 id
368 4825 498 4914 quidem
528 4825 704 4892 abhorrere
737 4827 779 4892 ab
809 4827 978 4893 Athenaeo
1009 4842 1123 4895 notum
1153 4842 1210 4897 est
1260 4829 1367 4896 Affert
1390 4832 1490 4917 igitur
1512 4832 1555 4900 de
