3548 5580
1066 424 1074 457 ί

787 511 996 580 ..13-

225 704 373 789 quisquis
403 702 482 787 fuit,
518 704 752 770 elementorum
788 704 904 768 seriem
938 726 1003 768 non
1031 702 1223 790 respexisse.
1267 703 1352 770 Nam
1382 705 1557 772 nonnullae

223 806 353 891 glossae
386 807 613 887 inveniuntur,
648 808 681 871 in
711 806 830 892 quibus
858 805 938 870 ordo
967 806 1134 871 literarum
1157 809 1189 871 in
1210 807 1404 894 corruptelis
1426 810 1557 892 nititur,

223 908 317 972 velut
341 905 439 973 Ceres
454 912 584 972 Λουσία
607 911 639 973 in
659 909 786 973 literam
806 912 831 973 Ε
851 908 1016 974 aberravit
1044 912 1081 990 (s.
1096 931 1127 973 v.
1151 906 1292 989 ἑλουσία,
1322 907 1418 974 Ceres
1443 913 1557 973 Μυσία

221 1013 257 1075 in
280 1010 423 1075 litteram
445 1016 484 1075 A
507 1015 544 1092 (s.
564 1035 595 1078 v.
617 1007 855 1091 Ἀμφιμυσίων)
877 1010 1027 1075 Bacchus
1048 1007 1175 1080 Δυαλας
1199 1012 1232 1074 in
1256 1011 1391 1076 candem
1414 1012 1556 1078 litteram

221 1119 262 1178 A
285 1113 322 1194 (s.
345 1136 376 1178 v.
397 1107 559 1195 Αὔαλος),
588 1114 704 1178 Martis
732 1135 911 1199 cognomen
939 1104 1102 1184 Ἐνυάλιος
1130 1124 1319 1199 corruptum
1347 1113 1389 1179 ad
1416 1114 1560 1178 Ναυαλεῐ

220 1218 255 1279 in
278 1217 421 1279 litteram
444 1219 480 1278 N
496 1216 692 1300 migravit.¹)
736 1215 845 1280 Etiam
866 1219 951 1281 intra
973 1214 1053 1280 fines
1077 1214 1219 1280 eiusdem
1241 1215 1371 1281 litterae
1392 1216 1555 1281 interdum

220 1328 396 1406 peccatur,
421 1319 540 1404 quibus
563 1341 580 1383 c
605 1318 729 1382 mendis
751 1341 798 1401 ea,
820 1320 954 1405 quaein
977 1320 1132 1402 itacismo,
1164 1321 1219 1405 qui
1242 1317 1369 1403 dicitur,
1404 1330 1460 1386 aut
1483 1320 1554 1385 aliis

222 1422 403 1485 levioribus
421 1423 454 1484 in
478 1422 643 1485 erroribus
674 1423 781 1508 posita
811 1432 900 1505 sunt,
934 1421 1012 1485 nihil
1043 1420 1084 1486 ad
1111 1421 1189 1485 rem.
1244 1419 1310 1485 Sed
1332 1434 1487 1509 corrupta
1507 1433 1555 1487 cst

220 1523 343 1588 Bacchi
367 1546 562 1610 cognomen:
596 1516 754 1603 Ἔλυγεύς·
787 1523 953 1594 Διόνυσος
984 1520 1018 1586 ἐν
1046 1520 1163 1609 Σαμίας
1202 1546 1314 1588 verum
1350 1533 1399 1588 cst
1432 1523 1555 1589 dudum

222 1636 392 1714 repertum
412 1619 572 1698 Ἐλελεύς,·
604 1637 712 1690 tamen
730 1627 839 1713 glossa
872 1650 957 1690 nunc
991 1625 1152 1691 collocata
1179 1636 1228 1690 est
1256 1627 1340 1689 inter
1371 1649 1425 1691 eas
1446 1648 1555 1710 voces,

223 1751 308 1814 quae
331 1752 350 1795 a
371 1728 489 1792 litteris
505 1723 571 1807 tay
586 1731 753 1815 incipiunt.
796 1729 946 1793 Bacchus
959 1724 1165 1812 Ἐλευθερεύς
1183 1727 1349 1815 Hesychio
1365 1729 1448 1794 falso
1464 1728 1555 1793 audit

224 1821 426 1913 Ἐλευθεράς
447 1833 560 1917 itaque
581 1835 666 1896 inter
680 1854 777 1896 voces
799 1825 971 1913 ἐλεύθερον
994 1842 1026 1896 et
1047 1827 1309 1913 ἕλευθεροσυομῶ
1323 1829 1433 1895 locum
1447 1831 1555 1896 habet.
1659 1890 1662 1897 .

226 1932 310 1996 Rem
329 1954 404 1998 vero
427 1933 558 1998 conficit
578 1957 643 1998 una
665 1934 783 2020 glossa,
808 1957 831 1998 s.
853 1957 884 1999 v.
905 1928 1032 2015 Ἀφαία,
1054 1935 1145 1997 cuius
1168 1930 1348 1996 emendatio
1372 1954 1392 1997 a
1410 1933 1553 1998 Meursio

228 2036 392 2123 proposita
418 2058 499 2100 vera
528 2059 566 2100 ac
596 2047 685 2101 certa
713 2047 762 2101 cst
792 2046 824 2099 et
852 2036 1061 2100 confirmatur
1089 2035 1189 2101 schol.
1214 2033 1370 2099 Nicandri
1398 2035 1452 2102 Al.
1475 2036 1553 2101 618:

223 2127 342 2220 Ἀφαία
359 2138 411 2202 καὶ
432 2130 465 2222 (ἢ
488 2137 570 2217 cod.)
591 2141 765 2202 Δίκτυννα·
787 2131 807 2224 ἡ
830 2138 895 2221 (καί
915 2137 998 2220 cod.)
1019 2131 1177 2218 Ἄρτεμις.
1231 2137 1317 2202 Nam
1341 2161 1406 2202 non
1436 2133 1556 2220 Ἀφαία

223 2251 271 2306 est
291 2241 479 2328 Dictynnae
501 2262 689 2327 cognomen,
711 2239 769 2306 sed
791 2252 823 2306 ct
844 2232 964 2324 Ἀφαία
987 2251 1020 2305 et
1043 2244 1204 2305 Δίκτυννα
1224 2239 1352 2305 Dianae
1374 2235 1555 2324 ἐπικλήσεις
1622 2224 1642 2247 ”

217 2356 305 2410 sunt.
358 2344 475 2430 Itaque
505 2343 619 2409 eodem
647 2344 720 2409 loco
747 2343 982 2428 aDiogeniani
1013 2355 1147 2409 auctore
1170 2343 1234 2408 duo
1258 2344 1401 2430 epitheta
1423 2342 1551 2408 Dianae

216 2447 464 2532 tractabantur,
493 2469 632 2533 quorum
661 2448 800 2512 alterum
826 2444 869 2510 ad
889 2445 1032 2511 litteram
1053 2449 1100 2530 A,
1130 2446 1269 2511 alterum
1292 2445 1334 2511 ad
1355 2445 1500 2510 litteram
1522 2449 1555 2510 A

218 2550 373 2638 pertinet.

342 2758 365 2819 ¹)
383 2753 477 2808 Etiam
494 2753 623 2807 Minerva
641 2750 748 2808 Attum
766 2751 803 2806 ad
823 2752 948 2806 litteram
968 2752 995 2805 E
1010 2750 1166 2820 aberravit,
1186 2750 1236 2806 sed
1253 2749 1328 2806 hanc
1347 2751 1471 2823 glossam
1490 2767 1552 2806 esse

221 2839 347 2896 scholion
364 2846 467 2912 poetae
484 2841 604 2896 alicuius
623 2839 722 2893 lemma
741 2838 835 2894 docet:
856 2836 884 2892 ἐν
901 2832 925 2892 δ’
945 2837 1053 2894 Albam
