3548 5580
214 1831 436 1935 scholiorum
457 1863 685 1952 Lycophronis
707 1865 863 1929 memoria
883 1887 948 1929 non
969 1862 1117 1950 simplex,
1140 1862 1198 1928 sed
1218 1862 1341 1950 triplex
1363 1872 1428 1945 est;

98 1971 213 2034 nititur
241 1969 326 2031 enim
356 1968 387 2031 in
418 1966 547 2032 scholiis
569 1968 743 2032 Marcianis
765 1967 822 2050 (A)
846 1991 866 2032 a
886 1967 1041 2032 Kinlrelio
1062 1968 1166 2054 primo
1188 1968 1373 2054 protractis,
1396 1967 1429 2031 in

100 2070 397 2160 paraphrasibusP
421 2081 453 2134 et
475 2093 497 2156 p
521 2093 539 2134 a
557 2069 710 2135 Schecrio
734 2069 828 2135 editis
851 2080 884 2134 et
906 2072 939 2133 in
955 2069 1095 2134 Taetzac
1110 2069 1166 2150 (T)
1189 2070 1429 2134 commentario.

100 2176 216 2262 ltaque
245 2176 399 2261 quoniam
427 2182 558 2238 nostrae
590 2175 789 2259 quaestionis
818 2196 895 2260 pars
923 2171 1090 2258 aliquanta
1116 2172 1149 2235 in
1170 2171 1301 2237 scholiis
1322 2173 1430 2261 posita

100 2289 164 2359 est,
198 2299 265 2341 non
292 2278 441 2362 ineptum
470 2275 544 2359 erit,
577 2276 662 2338 inter
683 2275 742 2340 hos
765 2275 962 2340 scholiorum
983 2276 1109 2340 rivulos
1138 2296 1222 2362 quac
1249 2274 1431 2340 intercedat

95 2381 182 2444 ratio
204 2380 405 2467 perquirere,
436 2378 558 2464 quippe
580 2399 646 2463 qua
665 2400 730 2442 non
752 2388 926 2466 perspecta
948 2377 1012 2442 illis
1034 2377 1154 2442 iudicio
1176 2378 1281 2463 probo
1304 2379 1352 2441 uti
1374 2376 1431 2441 vix

95 2505 270 2570 possimus.

755 2599 783 2664 1.

229 2738 341 2803 Pauca
357 2736 524 2801 sufficiunt
540 2734 581 2798 de
596 2734 727 2800 Tzetza.
772 2735 837 2817 Qui
860 2757 941 2823 quos
963 2746 1096 2823 praeter
1117 2734 1240 2800 scholia
1262 2736 1433 2823 exscripsit

104 2862 179 2904 cum
203 2840 471 2906 commentarium
502 2860 596 2902 suum
626 2838 860 2925 amplissimum
883 2848 1108 2925 componeret,
1139 2860 1252 2903 eorum
1273 2837 1432 2904 librorum

101 2945 186 3008 ratio
207 2941 359 3008 habenda
379 2963 444 3004 non
467 2951 525 3023 est,
549 2941 626 3026 quia
648 2963 722 3004 cum
742 2940 872 3005 scholiis
895 2963 914 3004 a
935 2940 1027 3005 nulla
1048 2951 1142 3028 parte
1164 2940 1349 3006 cohaerent.
1381 2941 1433 3006 Nc

98 3047 203 3133 ipsius
225 3043 357 3131 quidem
379 3043 438 3107 '1¹⁸⁶
461 3053 643 3108 commenta
667 3044 761 3107 nobis
781 3042 985 3130 respicienda
1009 3055 1099 3126 sunt;
1133 3043 1217 3108 solet
1241 3044 1335 3127 enim,
1361 3045 1431 3110 uhi-

101 3169 242 3234 cumque
255 3145 343 3233 apud
354 3145 480 3210 nullum
493 3151 662 3209 auctorem
671 3144 850 3231 quidquam
861 3146 992 3229 invenit,
1008 3156 1045 3209 ut
1058 3144 1241 3235 explicandi
1253 3145 1432 3232 cupiditate
1445 3232 1447 3237 Ι

102 3272 178 3314 suae
200 3249 398 3331 satisfaciat,
419 3249 490 3335 ipsc
515 3251 702 3333 excogitare
726 3247 902 3334 quaelibet,
933 3259 969 3311 ut
1002 3246 1043 3312 de
1074 3249 1145 3312 aliis
1173 3249 1288 3331 rebus,
1323 3251 1370 3313 ita
1392 3248 1432 3313 dc

103 3351 237 3416 dcorum
252 3350 412 3438 epithetis.
443 3349 536 3437 Quae
550 3351 657 3414 omnia
672 3348 875 3413 absurditate
891 3351 1066 3436 conspicua
1081 3374 1100 3414 a
1113 3350 1248 3436 reliquis
1263 3372 1433 3416 secernere

100 3454 198 3520 facile
227 3455 306 3532 erit,
338 3453 395 3517 uhi
429 3455 570 3541 primum
593 3451 743 3539 exempla
764 3452 920 3516 nonnulla
948 3455 1213 3540 proposuerimus
1236 3465 1268 3517 ct
1292 3453 1432 3518 illustra·

98 3559 255 3622 verimus.
306 3554 391 3621 Vide
420 3557 504 3619 enim
534 3555 765 3619 absurdissima
793 3554 866 3639 illa,
902 3577 986 3642 quae
1015 3555 1057 3619 ad
1086 3577 1200 3619 versus
1228 3556 1291 3621 403
1317 3578 1433 3621 vocem

100 3661 275 3740 Καστνίαν,
305 3657 428 3722 scilicet
451 3658 623 3735 Venerem,
652 3656 840 3744 adscripsit:
873 3660 1040 3721 Καστνίαν
1065 3657 1103 3721 δὲ
1123 3653 1181 3742 τὴν
1201 3649 1433 3740 ἄδελφοποιὸν

99 3757 175 3830 τοὺς
189 3755 249 3843 γὰρ
264 3759 370 3830 ξένους
384 3753 541 3843 ἀδελφοὺς
561 3759 613 3822 καὶ
635 3759 749 3840 φίλους
769 3757 809 3822 τὰ
830 3753 964 3841 ἐρωτικὰ
982 3760 1146 3823 ποιοῦσιν
1170 3758 1200 3823 οἱ
1217 3758 1276 3843 γὰρ
1299 3756 1433 3845 ἐρῶντες

101 3866 310 3948 φωραθέντες
333 3861 491 3942 λέγουσιν·
518 3853 642 3946 ἀδελφή
662 3884 726 3942 μου
749 3854 769 3945 ἢ
789 3860 937 3946 συγγενής
957 3858 1019 3942 μού
1040 3858 1143 3927 έστινι
1173 3879 1230 3928 aut
1252 3863 1346 3931 adv.
1370 3865 1432 3931 832

102 3965 250 4048 Σχοινηὶς
271 3963 330 4044 μὲν
353 3964 493 4050 (scilicet
515 3957 705 4048 Ἀφροδίτη)
738 3963 875 4043 λέγεται,
903 3958 957 4027 ὅτι
978 3958 997 4047 ἦ
1021 3971 1146 4042 σχοῖνος
1166 3962 1284 4051 βοτάνη
1304 3983 1433 4048 μουσω-

101 4071 183 4151 μένη
215 4063 290 4143 τοὺς
322 4060 460 4137 ὀδόντας
495 4064 554 4147 μέν
585 4070 751 4149 καθαίρει,
786 4072 870 4128 κινεῖ
897 4065 935 4129 δέ
966 4067 1019 4129 καὶ
1052 4065 1137 4148 πρὸς
1170 4065 1210 4131 τὰ
1241 4061 1432 4152 ἀφροδίσια

100 4162 234 4252 Ἀρέντα
261 4169 315 4248 δέ,
352 4162 404 4232 dcc
436 4168 494 4232 δύο
517 4165 650 4256 [ξένους]
684 4162 839 4250 ἁρμόττει
863 4165 948 4249 πρὸς
974 4171 1052 4247 μίαν
1079 4167 1255 4252 αυνάφειαν
1282 4170 1432 4256 γαμικὴν·

102 4270 187 4356 Ξένη
210 4269 257 4345 δὲ,
286 4262 337 4334 ὅτι
358 4271 455 4347 (adde
476 4271 595 4351 ξένους)
618 4270 789 4352 accusas
831 4270 882 4335 Ac
905 4284 979 4335 sunt
1009 4272 1081 4355 loci,
1110 4274 1229 4358 quibus
1255 4273 1337 4338 falsa
1360 4296 1432 4338 cum

101 4377 200 4458 veris,
223 4373 301 4438 ficta
325 4397 398 4438 cum
422 4374 535 4439 alienis
558 4373 639 4438 adeo
657 4375 874 4455 commisceat,
893 4385 928 4438 ut
942 4374 1030 4438 furta
1047 4375 1115 4439 cius
1131 4375 1284 4462 detegere
1299 4375 1434 4440 difficile

105 4479 157 4542 sit.
199 4476 312 4541 -Pauca
340 4499 460 4563 ponam
490 4477 647 4564 exempla.
698 4476 753 4540 Ad
786 4498 816 4540 v.
843 4477 903 4541 152
932 4478 1073 4562 primum
1106 4477 1242 4543 adnotat
1265 4500 1282 4542 e
1304 4478 1434 4542 scholiis

105 4591 274 4644 mutuatus
296 4580 392 4644 haec:
419 4571 549 4642 Ἐνναία
571 4579 623 4642 καὶ
645 4572 804 4658 Ἓρκυννα
836 4580 887 4640 καὶ
920 4570 1040 4658 Ἐρινὺς
1069 4575 1226 4659 ἐπώνυμα
1251 4575 1432 4664 Δήμητρος.

105 4681 172 4744 Καὶ
194 4680 399 4760 Καλλίμαχος
425 4673 551 4761 Ἐρινὺν
569 4680 661 4744 καλεῖ
678 4673 736 4764 τὴν
750 4677 909 4765 Δήμητρα
927 4680 1040 4759 λέγων·
1063 4678 1122 4767 τὴν
1143 4682 1203 4763 μὲν
1227 4674 1245 4745 ὅ
1270 4681 1294 4763 γ’
1318 4678 1434 4765 ἑσπέρ-

105 4803 204 4867 μρνεν
224 4777 343 4866 Ἐρινὺϊ
372 4783 583 4869 Τελφουσαίῃ.
636 4781 764 4846 Deinde
795 4783 918 4869 expilat
948 4784 1033 4847 Erum
1057 4785 1134 4848 Mum
1158 4808 1189 4872 p.
1212 4785 1283 4869 374,
1314 4786 1351 4848 2:
1383 4784 1435 4848 aci

105 4878 224 4968 Ἐρινὺς
244 4883 304 4968 μὲν
324 4884 450 4968 λέγεται
471 4877 492 4974 ἢ
513 4879 604 4966 παρὰ
625 4875 665 4948 τὸ
689 4875 746 4955 τὰς
770 4875 851 4965 α’ρὰς
872 4879 980 4950 ἀνύειν
1000 4886 1053 4950 καὶ
1078 4886 1222 4971 πληροῦν
1244 4875 1264 4972 ἢ
1285 4878 1376 4971 παρὰ
1397 4882 1434 4952 τὸ

1095 5038 1129 5101 4*
