3548 5580
796 505 988 576 ..5-

223 697 389 768 dubitatio
410 720 475 767 non
497 698 641 782 exsistat,
668 698 824 766 nonnulla
847 698 994 782 exhibet,
1026 721 1110 789 quae
1138 722 1198 767 nec
1229 702 1364 793 abipso
1386 698 1463 770 ficta
1485 723 1555 770 esse

223 815 360 892 possunt
391 826 451 869 nec
487 803 528 868 ad
565 801 646 868 alios
681 813 832 868 auctores
865 805 1036 870 referenda
1068 813 1152 871 sunt.
1210 805 1356 887 Quorum
1393 830 1477 893 quae
1513 806 1555 872 ad

225 903 407 990 ἐπικλήσεις
420 909 592 994 pertinent,
614 918 681 970 tam
696 928 801 992 pauca
817 921 900 989 sunt,
921 917 958 971 ut
973 910 1079 972 omnia
1095 910 1293 975 exscribam:
1319 911 1379 975 152
1392 903 1554 992 Ἕρκυννα
1615 975 1618 988 2

226 1005 294 1094 δὲἡ
309 1012 501 1093 Τροφωνίου
516 1004 661 1093 θυγάτηρ
677 1003 712 1071 ἐν
726 1010 892 1093 Λεβαδείᾳ
906 1005 1038 1096 (λεβάδῃ
1054 1009 1145 1094 libri)
1160 1009 1216 1095 τῆς
1235 1015 1388 1083 Βοιωτίας
1403 1010 1554 1096 ἱδρύσατο

228 1109 285 1199 τὴν
295 1106 378 1176 θεὸν
394 1111 573 1192 (Cererem)
589 1112 642 1174 καὶ
656 1101 710 1193 ἀφ’
732 1110 845 1196 ἑαυτῆς
864 1106 1031 1192 ὠνόμασεν
1045 1107 1230 1194 Ἕρκυνναν.
1255 1116 1318 1178 522
1344 1112 1554 1198 Πρόφαντος·

226 1209 436 1279 unwanus
469 1209 558 1292 παρὰ
591 1215 741 1291 Θουρίοις
778 1214 913 1294 (scholia
942 1215 1134 1298 Πρίφαντος
1160 1215 1197 1280 δέ
1226 1209 1243 1278 ὅ
1268 1217 1460 1297 Ποσειδῶν).
1491 1219 1555 1284 536

223 1313 397 1402 Δρύμνιος]
420 1313 437 1378 ὁ
460 1312 560 1386 Ζεύς·
593 1313 756 1396 Δρῦμνιος
784 1316 822 1380 δὲ
850 1311 939 1399 παρὰ
966 1318 1187 1399 Παμφυλίους,
1223 1315 1439 1400 Προμανθεύς
1465 1315 1555 1404 παρὰ

226 1420 394 1498 Θουρίοις·
417 1412 556 1502 Αἰθίοψ
577 1417 677 1481 δὲκαὶ
693 1422 723 1481 Γ
719 1417 857 1503 υράψως
878 1417 967 1501 παρὰ
986 1421 1089 1491 Χίοις.
1133 1423 1196 1486 542
1222 1420 1351 1500 Κρὰγος
1373 1421 1409 1485 δὲ
1430 1419 1449 1485 d
1472 1419 1556 1492 Ζευς

219 1515 313 1602 παρὰ
341 1524 480 1591 Λυκίοις
510 1522 647 1603 τιμᾶται.
695 1522 758 1587 680
792 1519 944 1606 φαιδρὸς]
973 1522 1213 1607 μεταληπτικῶς
1243 1517 1313 1587 ἀντὶ
1341 1524 1397 1586 τοῦ
1423 1520 1553 1595 λευκός·

219 1624 275 1688 καὶ
316 1620 376 1706 γὰρ
412 1620 501 1705 παρὰ
539 1629 694 1696 Βοιωτοῖς
725 1617 851 1704 Ἐρμῆς
872 1621 1002 1694 Λευκὸς
1036 1625 1184 1705 τιμᾶται·
1224 1624 1460 1706 πολεμούμενοι
1494 1623 1552 1711 γὰρ

223 1731 418 1806 Ταναγραῖοι
443 1721 508 1790 ὑπὸ
532 1723 722 1811 Ἐρετριέων
743 1722 940 1807 ε’σφαγίασαν
966 1729 1068 1790 παῖδα
1097 1728 1148 1790 καὶ
1176 1722 1273 1813 κόρην
1299 1721 1379 1792 κατὰ
1406 1725 1555 1813 χρησμὸν

220 1823 403 1893 κάντεῦθεν
427 1825 598 1910 ἱδρύσαντο
619 1825 753 1893 Λευκὸν
777 1825 899 1913 Ἑρμῆν
934 1830 1075 1909 (scholiis
1098 1830 1189 1895 deest
1212 1853 1276 1894 non
1299 1826 1475 1917 ἐπίκλησις,
1497 1832 1554 1896 sed

227 1929 373 2015 fabella).
419 1930 511 1997 Haec
543 1933 739 1997 scholiorum
771 1934 871 1996 instar
900 1932 1050 1998 habenda
1079 1944 1170 2014 sunt,
1200 1944 1232 1996 et
1262 1945 1351 1998 recte
1373 1933 1553 2019 Scheerius,

227 2055 300 2097 cum
312 2033 540 2121 Lycophronis
555 2036 657 2099 verba
680 2046 872 2118 recenseret,
896 2058 964 2099 rem
978 2038 1024 2100 ita
1041 2038 1189 2118 instituit,
1211 2045 1247 2098 ut
1263 2036 1291 2098 Τ
1308 2048 1339 2099 et
1353 2036 1553 2101 Marcianum

225 2136 256 2200 A
287 2159 361 2225 non
384 2160 445 2223 pro
480 2137 608 2202 duobus
639 2137 775 2202 diversis
808 2137 1004 2203 scholiorum
1041 2141 1249 2225 corporibus,
1284 2138 1340 2202 sed
1370 2160 1431 2224 pro
1460 2141 1554 2203 unius

224 2241 371 2326 corporis
393 2241 531 2305 testibus
554 2239 683 2305 duobus
705 2240 849 2305 haberet.
894 2240 1039 2304 Eandem
1060 2243 1218 2305 rationem
1240 2242 1273 2304 in
1295 2251 1439 2305 nostram
1457 2264 1554 2327 quae·

220 2343 362 2407 stioncm
384 2343 496 2408 valere
519 2345 552 2408 in
575 2344 750 2430 propatulo
774 2355 830 2408 cst.

877 2515 906 2579 2.

353 2649 406 2712 De
436 2649 627 2736 paraphrasi
657 2653 779 2714 maiore
802 2651 890 2713 P—
910 2674 985 2714 nam
1014 2652 1146 2715 minoris
1168 2651 1227 2737 (p),
1257 2674 1354 2737 quam
1384 2650 1554 2716 Schcerius

225 2753 440 2815 recentiorem
459 2751 516 2815 illa
538 2774 608 2816 csse
632 2754 754 2835 statuit,
777 2753 870 2816 nobis
892 2751 1002 2816 nullus
1018 2776 1155 2838 usquam
1170 2776 1248 2817 usus
1264 2765 1311 2816 est
1328 2791 1365 2798 —
1382 2753 1459 2816 mihi
1481 2777 1554 2818 cum

225 2852 387 2935 Scheerio,
417 2877 448 2916 v.
471 2852 512 2936 d.,
538 2855 749 2940 pugnandum
774 2867 831 2918 est.
874 2855 907 2918 Is
929 2878 1002 2919 cum
1026 2855 1066 2919 dc
1088 2855 1286 2919 recensenda
1309 2855 1500 2920 Alexandra
1522 2857 1555 2919 in

193 3028 198 3035 ,
221 2955 308 3019 Mus.
328 2955 429 3020 Rhen.
451 2956 516 3020 vol.
539 2955 691 3020 XXXIV
708 2957 893 3022 doctissime
917 2970 948 3022 et
969 2958 1165 3044 amplissime
1186 2968 1307 3042 ageret,
1329 2958 1554 3044 paraphrasim

220 3057 314 3122 Pad
340 3057 482 3122 Theonis
512 3061 715 3142 grammatici
745 3062 971 3125 alletoritatem
1000 3062 1169 3123 revocavit
1198 3081 1305 3144 neque
1335 3071 1451 3145 postea
1480 3083 1554 3124 cum

221 3160 476 3249 Lycophronem
500 3161 610 3226 ederet
632 3174 663 3225 et
688 3185 759 3226 eam
789 3163 926 3226 formam
956 3161 1181 3249 paraphrasis,
1212 3184 1296 3246 quae
1329 3184 1415 3226 nunc
1445 3173 1493 3226 cst
1521 3164 1554 3227 in

227 3263 404 3346 codicibus,
428 3262 538 3328 deberi
562 3265 730 3350 byzantini
748 3264 885 3328 alicuius
900 3286 1020 3352 operae
1045 3263 1257 3327 intellexisset
1282 3262 1399 3350 (praef.
1413 3288 1446 3352 p.
1461 3265 1553 3348 XII),

225 3365 265 3430 ab
287 3365 348 3429 illa
371 3368 530 3429 sententia
552 3365 682 3429 videtur
705 3365 897 3431 discessisse.
942 3365 1034 3446 Quae
1055 3389 1132 3429 num
1155 3378 1242 3429 stare
1270 3367 1373 3452 possit
1403 3381 1440 3430 ut
1465 3380 1555 3433 recte

224 3467 419 3549 iudicemus,
443 3492 462 3532 a
486 3468 616 3533 scholiis
636 3469 715 3555 ipsis
737 3468 1009 3555 proficiscendum
1034 3479 1090 3532 cst.

354 3570 581 3657 Lycophronis
606 3572 748 3634 carmine
771 3593 844 3634 cum
866 3593 918 3634 res
933 3581 1094 3634 tractatae
1108 3593 1173 3633 non
1188 3568 1329 3634 dilucide
1344 3584 1555 3638 narrarentur

219 3695 283 3738 ncc
309 3685 421 3760 aperte
444 3684 697 3760 exponerentur,
728 3672 785 3736 sed
814 3673 991 3737 verborum
1019 3675 1200 3758 priscorum
1228 3681 1284 3735 aut
1312 3672 1555 3740 reconditorum

220 3776 392 3860 farragine
426 3776 679 3839 obscurarentur
719 3777 1016 3860 sententiarumque
1045 3777 1140 3839 nimis
1180 3774 1277 3858 longa
1312 3776 1554 3842 continuatione

222 3898 332 3963 paene
355 3877 580 3958 obruerentur,
604 3878 788 3963 oportebat,
818 3878 939 3962 siquis
963 3891 1038 3964 apte
1062 3887 1094 3941 et
1117 3876 1215 3963 plane
1240 3876 1462 3964 explicaturus
1486 3894 1556 3945 erat

223 4000 313 4066 quae
336 3978 392 4042 ille
416 3977 680 4063 significavisset,
716 4001 789 4042 cum
818 3991 850 4043 et
883 3981 1010 4065 singula
1038 3981 1141 4043 verba
1163 3980 1372 4064 interpretari
1395 3989 1427 4042 et
1450 3992 1555 4047 totum

223 4083 467 4146 enuntiatorum
500 4104 660 4145 conexum
693 4081 843 4147 enodare.
888 4081 985 4162 Quod
1007 4084 1174 4167 negotium
1197 4104 1271 4145 cum
1292 4079 1429 4145 diversis
1452 4085 1556 4151 modis

224 4183 373 4279 expediri
408 4185 567 4270 potuerit,
601 4194 710 4247 tamen
741 4186 773 4246 in
809 4185 938 4248 scholiis
972 4207 1056 4270 quae
1091 4182 1196 4247 adhuc
1237 4192 1350 4245 extant
1390 4184 1555 4274 plerisque

224 4285 364 4350 candem
393 4285 628 4370 interpretandi
656 4288 815 4351 rationem
836 4288 940 4350 inesse
962 4287 1059 4351 facile
1080 4287 1303 4371 perspicimus.
1349 4284 1556 4376 Quicumque

224 4391 313 4453 enim
329 4388 556 4476 Lycophronis
573 4390 727 4473 ambages
744 4391 974 4453 commentario
989 4389 1046 4452 illo
1069 4399 1261 4474 prosecutus
1286 4396 1343 4470 est,
1366 4389 1392 4451 is
1415 4392 1555 4476 primum

223 4490 381 4556 adhibitis
420 4492 610 4555 auctoribus
649 4502 680 4554 et
716 4490 992 4578 mythographicis
1028 4504 1060 4554 ct
1093 4490 1321 4576 geographIcis
1360 4512 1556 4577 cognoscere

224 4592 390 4675 studebat,
412 4616 492 4679 quas
514 4592 644 4656 fabulas
663 4592 839 4679 Lycophro
861 4595 1058 4657 narravisset
1082 4593 1135 4655 vel
1159 4591 1417 4676 significavissct,
1440 4595 1556 4663 deinde

223 4697 284 4760 has
309 4719 382 4760 cum
406 4697 467 4760 sibi
490 4695 659 4759 videretur
692 4698 868 4779 invenisse,
906 4695 1161 4782 unumquodque
1195 4693 1393 4758 vocabulum
1428 4697 1469 4761 ad
1502 4722 1556 4765 eas

224 4798 420 4886 explicando
442 4798 623 4879 referebat,
653 4799 699 4862 ita
728 4809 853 4879 tamen,
887 4809 923 4861 ut
952 4821 1070 4862 vocum
1099 4799 1166 4862 vim
1197 4819 1262 4863 non
1291 4806 1358 4865 tam
1389 4804 1555 4895 propriam
