3592 5566
799 473 990 540 ..9-

236 642 356 743 extant,
377 660 455 748 quid
478 669 534 744 est,
557 682 615 725 cur
637 659 791 724 miremur
811 681 885 724 eum
907 657 1051 725 codicem
1072 658 1184 746 paullo
1206 658 1390 725 uberiorem
1416 659 1557 748 exscrip-

236 767 322 844 sisse,
353 764 543 850 praesertim
572 784 646 826 cum
675 760 792 826 Suidcs
819 761 950 826 saeculo
980 761 1105 827 decimo
1136 764 1193 826 vix
1221 764 1364 849 potuerit
1392 763 1483 827 libris
1509 764 1558 827 uti

195 886 198 891 ·
236 868 362 953 scriptis
392 865 523 930 saeculo
557 863 749 930 duodecimo
782 863 835 928 vel
868 865 964 929 tertio
997 864 1146 929 decimo?
1203 863 1244 928 Id
1279 886 1409 952 quoque
1442 886 1557 929 moneo

232 967 362 1034 Suidam
388 967 468 1033 duas
492 961 677 1052 ἐπικλήσεις
699 988 897 1050 enumerare,
925 989 1009 1054 quae
1031 967 1130 1033 solius
1153 967 1360 1033 Ambrosiani
1388 976 1471 1051 sunt,
1493 990 1558 1032 non

230 1071 451 1154 Laurentiani,
481 1069 601 1136 Jovem
620 1063 745 1133 Ἀλεῖοι
774 1080 806 1134 et
836 1073 954 1144 ξένιονε
986 1093 1061 1135 nam
1093 1093 1166 1136 cum
1191 1070 1429 1138 Laurentianus
1459 1093 1556 1135 unam

229 1173 356 1237 noverit
380 1173 520 1237 formam
548 1173 687 1237 ionicam
715 1170 842 1252 ξεινίου,
871 1173 904 1236 in
926 1171 1143 1239 Ambrosiano
1172 1173 1271 1237 attice
1291 1174 1396 1248 ξενίου
1417 1172 1557 1256 additur,

234 1297 330 1361 quam
349 1273 466 1339 Suidas
487 1273 597 1340 habet.

360 1376 454 1458 Quae
477 1399 552 1441 cum
572 1378 619 1441 ita
632 1378 703 1461 sint,
723 1375 844 1442 Suidae
866 1376 994 1462 glossae
1013 1371 1210 1463 ἕπιιιλὴσεων
1223 1376 1344 1442 nullius
1358 1380 1454 1467 pretii
1473 1389 1557 1461 sunt,

230 1480 306 1566 quia
327 1501 535 1563 anonymum,
571 1477 657 1542 unde
684 1478 857 1564 fluxerunt,
886 1482 919 1543 in
941 1481 1089 1545 manibus
1112 1480 1277 1545 habemus.
1332 1479 1432 1546 Cuius
1453 1482 1555 1548 libelli

231 1592 357 1645 textum
380 1582 407 1645 si
431 1581 638 1645 constituturi
658 1603 774 1665 sumus,
806 1580 923 1647 Suidos
952 1580 1072 1646 codicis
1103 1583 1204 1646 instar
1238 1593 1302 1666 est3
1334 1592 1431 1669 atque
1462 1585 1559 1670 illum¹

233 1682 362 1746 duobus
374 1680 525 1768 epithetis
537 1692 642 1768 auget,
656 1705 752 1748 unam
766 1682 981 1749 Studemundi
992 1685 1210 1750 coniecturam
1222 1682 1400 1768 confirmat,
1418 1686 1556 1752 alterum

232 1783 341 1848 locum
364 1794 552 1870 corruptum
575 1795 682 1850 sanat:
714 1809 790 1851 nam
812 1808 885 1851 cum
906 1785 1144 1851 Laurentianus
1163 1786 1248 1850 inter
1271 1786 1391 1851 Bacchi
1413 1789 1556 1875 epitheta

235 1906 334 1948 unum
354 1885 519 1972 praebeat,
554 1885 641 1973 quod
661 1887 808 1975 intellegi
829 1890 941 1975 nequit
964 1882 1138 1953 Κωλιάνου
1160 1887 1204 1972 (V
1227 1890 1292 1973 21),
1319 1887 1435 1954 Suidns
1456 1894 1555 1981 scrip·

238 1998 343 2051 turam
372 1998 480 2052 servat
501 2010 624 2054 veram:
655 1987 821 2076 Κωλώτης,
856 2013 921 2077 quo
945 1993 1134 2075 cognomine
1157 1990 1270 2055 eadem
1298 1991 1367 2056 fere
1395 1997 1554 2060 sententia

236 2089 383 2154 Bacchus
415 2090 597 2178 appellatus
625 2102 673 2157 est
707 2103 805 2179 atque
834 2090 946 2157 Venus
966 2092 1117 2168 Κωλῶτις
1148 2091 1345 2180 Cypriorum
1377 2093 1554 2183 (Lycophr.

233 2189 294 2256 837
318 2213 391 2256 cum
414 2191 547 2277 scholi).
