3548 5580
765 548 981 636 '-4-

225 751 260 823 ἐν
281 760 322 845 τῇ
343 755 402 844 ἔρα
424 760 477 823 καὶ
499 756 535 823 ἐν
558 757 597 845 τῇ
620 757 660 844 γῇ
688 762 789 822 ναίειν
818 754 860 829 οἷς
887 759 940 822 καὶ
967 754 1004 822 τὸ
1037 752 1179 821 Ἔνναιαε
1211 756 1326 822 ultima
1358 753 1417 840 (ὥς
1439 758 1493 822 καὶ
1514 752 1553 821 τὸ

219 855 364 945 Ἔνναια)
391 862 431 926 de
460 885 518 926 suo
549 861 656 943 addit3
686 863 832 947 sequitur
855 860 1079 948 Apollodorus
1100 859 1151 922 Ill
1175 859 1205 940 4,
1229 861 1258 942 8,
1280 862 1300 924 5
1323 853 1343 945 ἢ
1365 852 1418 923 irc
1438 851 1556 940 Ἐρινάῐ

225 959 423 1044 ὁμοιωθεῖσα
450 965 595 1045 μίγνυται
625 962 809 1026 Ποσειδῶνι
837 964 889 1027 καὶ
923 963 1016 1046 γεννᾷ
1046 956 1104 1025 τάν
1140 956 1289 1042 Ἀρείονα
1321 961 1443 1041 ἵππον;
1484 973 1553 1026 tum

225 1067 347 1131 scholia
368 1066 482 1132 Iliadis
504 1067 568 1130 AD
591 1066 710 1129 XXIII
735 1066 797 1130 346
825 1064 952 1145 λέγουσι
980 1057 1039 1146 γάρ
1058 1059 1108 1127 ὅτι
1129 1064 1333 1134 Ποσειδῶνος
1361 1060 1554 1145 ἐρασθέντος

223 1164 475 1253 τῆς-Δήμητρος
496 1164 574 1252 αὐτὴ
597 1165 641 1238 εἰς
663 1164 768 1230 ἵππον
789 1167 1028 1251 μεταβληθεῖσα
1057 1166 1109 1227 καὶ
1136 1161 1253 1245 μεταξὺ
1281 1157 1391 1246 ἀγέλης
1418 1163 1554 1245 ἱππικῆς

224 1267 467 1354 εἰςφρὴσασαςῑ)
500 1271 597 1334 finem
626 1282 735 1335 autem
765 1271 857 1350 facit,
892 1292 966 1333 cum
996 1269 1077 1332 haec
1111 1279 1291 1355 proponat:
1324 1264 1398 1338 τοὺς
1427 1265 1552 1338 ἵππους

223 1368 353 1454 ἐτάραξε
375 1367 487 1436 διὰτὸ
508 1369 634 1454 ἀθρόον
657 1375 751 1456 ξένην
772 1369 877 1434 ἵππον
898 1367 1076 1456 ἐπιστῆναι,
1109 1367 1170 1452 ἔφη
1191 1359 1248 1434 οὖν
1276 1365 1296 1432 ὅ
1324 1368 1553 1451 ἱπποφορβὸς·

223 1471 332 1538 πόθεν
352 1468 431 1559 αὕτη
454 1469 474 1560 ἡ
495 1470 599 1556 ἐρινύς
606 1500 617 1547 ,·
639 1473 717 1539 ficta
738 1474 818 1537 haee
843 1484 926 1557 sunt,
942 1497 1016 1536 nam
1032 1472 1204 1537 absurdius
1220 1475 1356 1558 cogitari
1372 1474 1430 1536 vix
1444 1483 1555 1558 potest

223 1577 280 1642 illa
313 1580 453 1664 pastoris
483 1579 752 1662 interrogatione3
786 1586 894 1640 tamen
924 1578 994 1662 ipse
1026 1598 1101 1638 num
1131 1576 1216 1638 hunc
1251 1574 1392 1640 fabellae
1429 1577 1554 1639 exitum

223 1679 362 1763 finxerit,
384 1680 515 1762 dubit03
537 1679 668 1743 ridetur
691 1681 775 1742 enim
797 1691 831 1742 ut
848 1678 937 1760 alias,
961 1680 1005 1741 ita
1020 1678 1072 1742 hic
1088 1696 1219 1763 quoque
1233 1678 1411 1741 Ptolemaei
1428 1677 1554 1742 Chenni

222 1782 317 1846 Nova
333 1781 477 1847 Historia
496 1804 573 1846 usus
589 1804 668 1864 esse,
686 1782 741 1845 ubi
755 1781 798 1866 (p.
814 1782 882 1863 186,
896 1781 913 1844 7
927 1804 967 1844 ss.
983 1780 1037 1861 W)
1053 1779 1093 1843 de
1107 1778 1226 1844 Cerere
1246 1782 1278 1843 in
1296 1802 1412 1865 equam
1426 1792 1555 1845 mutata

222 1885 378 1950 nonnulla
390 1895 521 1948 narrata
540 1883 617 1947 oIIm
634 1893 734 1947 erant.
769 1882 897 1946 Deinde
920 1882 960 1946 ad
978 1881 1101 1946 scholia
1119 1881 1218 1946 redit:
1241 1873 1320 1944 άλλὰ
1335 1881 1387 1943 καὶ
1400 1877 1555 1962 Ἀρκάδες

222 1979 322 2056 οὕτως
349 1978 448 2071 αὐτὴν
475 1984 616 2066 τιμῶσιν,
663 1985 826 2068 Similiter,
855 1996 891 2048 ut
915 1985 1035 2049 Bacchi
1059 1985 1202 2071 epitheta
1222 1976 1372 2066 Ἐνάρχης
1398 1980 1555 2063 Φιγαλεὺς

226 2087 427 2172 Φαοσνὴριος
447 2089 597 2175 explicet,
620 2087 661 2152 ad
679 2111 709 2150 v.
720 2089 784 2150 212
803 2089 944 2173 primum
960 2087 1082 2151 scholia
1097 2087 1252 2150 exscribit
1264 2085 1308 2173 (p.
1317 2087 1378 2149 481
1390 2084 1553 2150 Muell=

222 2212 254 2276 p.
263 2190 314 2273 85,
325 2189 577 2273 17-26Kink.),
589 2189 705 2254 deinde
715 2212 835 2254 novum
847 2189 1064 2275 veriloquium
1074 2191 1279 2274 pronuntiat:
1296 2179 1316 2273 ἢ
1330 2181 1381 2251 ὅτι
1395 2185 1430 2250 ἐν
1446 2183 1555 2269 ὅρχοις

221 2291 274 2353 καὶ
291 2297 402 2376 φηγοῖς
424 2291 545 2376 (libyam
571 2315 654 2378 quae
677 2292 851 2378 explicatio
876 2313 949 2354 cum
971 2313 1035 2355 non
1058 2290 1154 2355 modo
1171 2290 1251 2354 duas
1266 2287 1445 2375 ἐπικλήσεις
1469 2313 1553 2356 com·

222 2393 402 2480 prehendat
439 2384 604 2478 (Ἑνάρχης,
640 2390 813 2473 Φιγαλεύς),
848 2393 905 2458 sed
936 2395 1031 2457 etiam
1064 2393 1180 2458 falsam
1215 2393 1386 2457 lectionem
1418 2393 1554 2459 alterius

224 2497 334 2561 classis
380 2496 528 2560 codicum
574 2495 705 2577 (0²DE)
749 2519 768 2559 a
812 2496 933 2559 Taetza
972 2495 1136 2560 adhibitae
1179 2497 1332 2582 respiciat
1376 2495 1405 2574 (l
1428 2524 1471 2548 =
1494 2496 1555 2561 AB

225 2591 394 2679 Φιγαλεύς;
424 2597 529 2662 C²DE
554 2596 739 2683 Φηγαλεὺς),
769 2596 919 2661 adhunc
942 2598 1049 2662 locum
1079 2621 1098 2660 a
1127 2597 1172 2689 T*
1201 2600 1271 2684 ipso
1301 2600 1489 2682 excogitata
1516 2601 1555 2663 sit

222 2721 355 2765 necesse
378 2711 434 2766 est.
478 2702 646 2766 Postremo
672 2714 781 2764 autem
810 2699 956 2764 fabulam
986 2700 1133 2784 adiungit
1162 2701 1357 2764 obscoenam
1381 2722 1398 2764 e
1422 2701 1555 2766 scholiis

223 2801 432 2887 Gregorianis
451 2804 610 2886 haustam,
633 2824 696 2866 non
721 2825 761 2866 ex
776 2801 985 2866 Alexandrac
999 2805 1236 2867 commentariis
1252 2804 1419 2866 veteribus
1443 2805 1499 2884 (cf.
1515 2804 1553 2869 de

222 2903 467 2970 Wilamowitzii
489 2915 657 2971 comment
680 2905 901 2992 gramm.le
919 2906 957 2970 15
973 2908 1021 2986 s).
1065 2904 1182 2968 Paullo
1206 2904 1301 2968 aliter
1322 2907 1440 2970 tertius
1461 2904 1551 2971 locus

224 3017 430 3093 comparatus
462 3020 520 3074 est.
576 3007 684 3071 Versu
721 3010 804 3071 enim
837 3008 899 3071 461
934 3006 975 3070 de
1009 3007 1152 3070 Hercule
1186 3005 1321 3070 Aiacem
1354 3006 1546 3071 infantulum

224 3108 383 3173 bracchiis
399 3123 549 3175 movente
560 3110 641 3174 haec
654 3109 908 3197 cumLycophro
921 3111 1113 3194 scripsisset:
1129 3105 1267 3189 σκύμνον
1281 3107 1356 3190 παρ’
1369 3104 1547 3188 ἀγκαλσῑσιν

221 3202 313 3273 diruo
336 3213 393 3274 sic
417 3212 460 3295 P;
480 3204 552 3274 άίια
574 3212 627 3274 vel
648 3205 736 3273 άείτα
759 3212 846 3292 libri)
866 3210 999 3293 βράσας,
1020 3223 1115 3275 vetus
1136 3210 1319 3294 scholiasta,
1342 3213 1397 3298 qui
1422 3214 1550 3276 tertiam

222 3315 416 3399 scripturam
438 3318 470 3378 in
492 3313 659 3404 codicibus
682 3335 745 3377 non
770 3324 931 3378 servatam
956 3307 1070 3394 (άίσας)
1095 3313 1291 3400 explicabat,
1319 3325 1549 3379 annotaverat:

220 3411 257 3478 τὸ
287 3410 316 3478 δ’
343 3411 452 3486 Ἀίνας
472 3407 543 3478 ἀντὶ
563 3417 620 3479 τοῦ
646 3409 663 3477 ὁ
685 3410 861 3498 Ἡρακλῆςς
889 3415 1030 3500 Tver0,
1061 3418 1116 3502 qui
1148 3426 1180 3479 et
1211 3416 1273 3479 hoc
1300 3417 1445 3481 scholion
1476 3428 1550 3480 aute

221 3517 333 3583 oculos
362 3518 505 3583 habebat
535 3529 566 3584 et
588 3541 702 3583 vocem
723 3518 919 3582 Laconicam
944 3541 1013 3582 esse
1035 3513 1124 3588 άίτας
1144 3541 1161 3582 e
1183 3518 1358 3583 Theocrito
1381 3541 1441 3583 suo
1464 3541 1549 3585 com·

212 3632 367 3706 pererat,
404 3643 468 3684 non
507 3619 670 3686 dubitavit
709 3643 829 3684 novum
871 3619 1023 3684 Herculis
1055 3621 1179 3684 cultum
1220 3620 1360 3705 fingere:
1404 3611 1550 3706 Άΐτηςά

218 3716 379 3807 Ἡρακλῆς
401 3715 488 3804 παρὰ
511 3724 789 3804 Λακεδαιμονίοις.
834 3722 1002 3786 Audacter
1034 3734 1142 3787 autem
1169 3722 1290 3787 Tzetaa
1315 3724 1470 3787 mentitus
1493 3736 1550 3803 est,

220 3846 293 3889 cum
324 3824 366 3889 ad
389 3823 548 3889 Venerem
579 3825 731 3888 Κωλῶτιν
761 3825 956 3912 Cypriorum
986 3825 1080 3912 (Lyc.
1103 3827 1157 3908 67)
1189 3849 1206 3890 e
1232 3827 1355 3890 scholio
1379 3820 1548 3915 Aristoph.

218 3925 304 3990 Nub.
326 3928 368 3991 52
389 3927 526 3992 VenerIs
548 3924 712 3998 Κωλιάδος
734 3927 985 4016 explicationem
1007 3929 1207 3993 transferret.
1254 3928 1345 3993 Haec
1374 3931 1483 3994 omnia
1508 3941 1547 4013 et,

219 4049 443 4115 quaecumque
465 4028 514 4093 his
536 4029 625 4117 apud
647 4031 802 4094 Tzetzam
825 4043 937 4094 extant
959 4031 1085 4112 simIlia,
1107 4031 1223 4118 procul
1245 4028 1395 4095 habenda
1416 4042 1502 4096 sunt.

346 4129 551 4196 Soholiorum
574 4144 681 4197 autern
705 4132 817 4197 codice
840 4130 868 4194 T
891 4155 968 4197 usus
1000 4147 1048 4198 est
1069 4134 1225 4198 Marciani
1254 4132 1335 4197 adeo
1363 4135 1477 4210 simili,
1513 4145 1546 4199 ut

139 4256 144 4268 ·
218 4255 315 4321 saepe
338 4245 477 4319 uterque
498 4234 611 4299 iisdem
635 4258 672 4298 ae
695 4235 894 4318 gravissimis
909 4237 1103 4322 corruptelis
1120 4237 1306 4321 inquinatus
1330 4237 1380 4301 sit.
1421 4236 1546 4301 Tamen

218 4358 283 4422 quo
312 4348 460 4424 tempore
492 4338 524 4400 in
554 4336 694 4401 Taetzae
724 4337 943 4401 recensionem
976 4340 1189 4418 transierunt,
1223 4336 1346 4402 scholia
1379 4339 1546 4404 Marciano

217 4436 329 4525 paullo
351 4439 530 4524 integriora
553 4455 585 4503 et
607 4439 766 4525 ampliora
787 4439 926 4501 fuerunt.
971 4438 1146 4503 Rarissime
1170 4442 1253 4503 enlm
1277 4439 1322 4523 T,
1354 4440 1489 4521 sedita
1510 4452 1545 4506 ut

340 4692 363 4763 ¹)
381 4691 576 4746 Librariorurn
589 4689 690 4744 fraude
707 4690 912 4744 interciderunt
930 4690 984 4743 hoc
997 4691 1056 4745 fere
1069 4691 1131 4745 loco
1144 4693 1231 4746 verba
1243 4691 1319 4746 nard
1331 4688 1382 4758 τὴν
1394 4695 1545 4762 Βοιωτίαν,

216 4793 290 4848 quae
313 4794 347 4834 ex
372 4777 488 4834 scholiis
509 4776 659 4831 homericIs
683 4776 818 4831 Taetrum
840 4779 1052 4848 transcripsisse
1075 4786 1228 4850 propterea
1249 4795 1356 4846 censeo,
1378 4782 1447 4851 quia
1469 4780 1545 4836 infra

217 4865 258 4921 sle
276 4866 385 4937 pergit:
405 4857 557 4920 ἀλλὰκαὶ
579 4857 752 4939 Ἀρκάδος.
