3548 5580
286 1961 497 2083 Priusquam
521 1993 562 2059 ad
586 2017 655 2059 rem
676 1995 778 2082 ipsam
793 1992 956 2079 accedam,
978 1998 1091 2084 paucis
1112 1997 1239 2061 iuvabit
1261 1996 1483 2063 demonstrare

159 2098 294 2178 Suidae,
324 2099 415 2163 cuius
449 2096 554 2162 adhuc
584 2098 671 2185 apud
706 2098 826 2163 multos
858 2122 976 2180 magna
1009 2111 1057 2164 est
1086 2102 1277 2184 auctoritas,
1307 2111 1417 2166 nostra
1449 2103 1483 2165 in

159 2203 344 2288 quaestione
354 2223 452 2275 ⁴usum
467 2224 536 2266 esse
555 2202 689 2266 nullum.
734 2201 798 2283 Qui
814 2224 895 2289 quas
911 2203 1050 2280 exhibet,
1066 2225 1123 2267 eae
1134 2197 1332 2288 ἕπικλήσεων
1345 2204 1484 2290 glossae,

156 2307 182 2369 si
206 2305 248 2369 ab
271 2298 459 2370 astitoribus
481 2303 633 2391 pendent,
656 2326 737 2391 quos
760 2304 864 2369 adhuc
879 2307 1028 2371 manibus
1048 2308 1191 2384 terimus,
1214 2309 1342 2370 omnino
1368 2305 1484 2393 procul

152 2406 324 2472 habendae
344 2417 434 2488 sunt3
456 2417 493 2471 ut
509 2429 565 2471 eae
581 2430 665 2494 quae
687 2408 815 2473 scholiis
829 2407 1056 2496 Aristophanis
1079 2410 1116 2485 (s.
1132 2432 1161 2473 v.
1173 2403 1340 2490 Ἀγοραῖος
1353 2404 1485 2495 Ἑρμῆς,

153 2510 321 2590 dationes,
352 2506 571 2594 Καταιβάτης,
604 2511 744 2590 Λοξίας,
789 2504 954 2603 ὁμόγνιος,
999 2505 1218 2592 Ταυροβάλος,
1264 2512 1485 2597 Ταυροπόλον,
1530 2500 1535 2508 ’

159 2612 298 2696 Totam,
332 2611 467 2676 Homeri
506 2612 543 2691 (s.
567 2635 598 2678 v.
626 2613 830 2687 Δωδωναῖος,
864 2608 996 2694 Κύπρις,
1032 2609 1146 2685 Ούλιος
1187 2611 1239 2702 [=
1270 2614 1369 2679 schol.
1397 2617 1427 2679 E
1455 2615 1484 2699 5,

159 2711 286 2800 ξ231],
320 2713 507 2795 Παλάρτον,
533 2717 679 2798 Φοῖβος),
714 2715 883 2803 Sophoclis
920 2715 1138 2799 (Ταυροπάλα,
1171 2719 1304 2795 χθονίας
1331 2713 1485 2801 βροντάς),

160 2815 361 2904 Thucydidis
404 2815 442 2901 (s.
471 2840 501 2881 v.
533 2817 751 2902 Χαλκίοικος),
798 2819 948 2901 Gregorii
992 2818 1030 2901 (s.
1064 2842 1095 2886 v.
1126 2821 1322 2898 Βουθοίνας,
1363 2812 1485 2903 Ἑκάτη,

158 2917 341 3004 Κερδηῖος),
391 2919 507 3005 glossis
554 2920 715 2985 Herodoti
763 2922 800 3001 (s.
836 2944 867 2987 v.
906 2915 1110 3002 Ἑταιρεῖος),
1167 2921 1336 2986 Athenaeo
1384 2922 1421 3002 (s.
1456 2944 1486 2986 v.

158 3022 340 3105 Πρίαπος),
384 3023 595 3110 epimerismis
628 3023 806 3087 Herodiani
853 3024 890 3104 (s.
920 3047 951 3088 v.
988 3020 1171 3108 Σειληνύς),
1219 3023 1383 3111 Stephano
1421 3024 1486 3110 By·

160 3126 265 3189 zantio
297 3123 334 3204 (s.
359 3148 389 3188 v.
412 3121 586 3210 Λιθησιος,
610 3129 769 3204 Νατταῖος,
804 3148 887 3213 quae
915 3127 1068 3190 lemmata
1093 3126 1286 3213 Bernhardy
1314 3148 1487 3213 perperam

163 3225 305 3310 delevit),
327 3227 626 3315 paroemiographis
643 3228 718 3308 (ev.
733 3219 867 3312 Ἀζησία,
884 3225 1058 3311 Apsos:
1070 3224 1172 3302 Φθάς,
1189 3224 1361 3311 Ἑμβαρος,
1375 3224 1487 3307 Μύρα·

165 3347 216 3404 χος
234 3357 274 3382 =
296 3329 497 3411 Μωρύτερος
518 3328 706 3410 Μορύχου),
741 3331 994 3417 chronographis
1023 3331 1213 3416 Byzantinis
1242 3328 1280 3414 (s.
1303 3354 1333 3396 v.
1357 3331 1488 3414 Πῆιιος),

164 3429 309 3516 Photi01)
318 3432 626 3519 etHarpocrationis
635 3435 794 3520 epitomae
807 3435 880 3514 (sv.
890 3423 1093 3513 Ἐλευθέριος
1100 3432 1192 3511 Ζεύς,
1199 3428 1488 3516 Ζαγρεύς,Ἴαιιχος,

160 3524 335 3614 Ὁμολύίος,
358 3528 500 3614 Πύθιον,
514 3528 611 3619 Ὕης)
641 3535 747 3602 debet.
799 3536 891 3601 Alios
920 3545 1028 3599 autem
1053 3538 1226 3622 scriptores
1248 3532 1364 3598 Suidas
1386 3533 1490 3620 perle-

161 3636 267 3723 gendo
296 3638 467 3723 excerpsit,
498 3638 589 3702 velut
621 3637 803 3721 Aelianum,
836 3637 1066 3723 Anthologiam
1097 3638 1294 3715 Palatinam,
1325 3637 1490 3720 Bahrium,

163 3739 258 3822 alios;
284 3738 349 3803 huo
368 3739 492 3804 faciunt
513 3740 641 3825 glossae
664 3764 687 3805 s.
710 3764 741 3806 v.
763 3734 947 3821 Ἑπόγμιος,
970 3737 1102 3820 Κάσιον,
1123 3736 1342 3821 Πνργοφάρος,
1367 3734 1490 3812 Φύξιος.

163 3841 270 3906 Etiam
300 3864 373 3907 cnm
402 3842 638 3929 Etymologicis
667 3843 783 3908 Suidas
811 3867 1036 3930 nonnusquam
1065 3841 1232 3906 adfinitate
1255 3839 1395 3927 quadam
1418 3863 1490 3904 cou-

163 3948 291 4009 iunctus
314 3955 378 4028 est,
408 3945 449 4010 of.
468 3968 521 4009 vv.
543 3944 684 4027 Βρόμιος
715 3970 787 4010 cum
815 3946 1043 4033 Etymologico
1067 3943 1217 4010 Gudiano
1251 3967 1274 4007 s.
1299 3965 1329 4007 v.
1351 3935 1493 4024 Βρόμιος

165 4048 389 4135 (p.116,19),
419 4042 580 4127 Ὄμπνιος
613 4071 685 4112 cum
718 4049 775 4112 Eo
804 4048 895 4113 Gud⁰
924 4050 967 4136 (p.
990 4050 1062 4129 429,
1092 4048 1164 4128 28),
1191 4043 1390 4129 Είραφιώτης
1420 4066 1493 4108 cum

163 4149 216 4215 Eti
251 4147 296 4214 Mi
331 4173 362 4236 p.
384 4151 457 4235 302,
474 4151 533 4231 533
560 4152 687 4237 glossae
709 4163 817 4216 autem
839 4176 935 4238 quam
959 4151 1075 4216 Suidas
1099 4174 1123 4216 s.
1138 4173 1169 4214 v.
1196 4151 1355 4231 Θρίαμβος
1377 4148 1495 4233 posuit,

163 4277 240 4342 pars
267 4255 356 4340 prior
387 4275 404 4317 e
433 4253 548 4318 Photio
575 4255 685 4338 fluxit,
715 4256 818 4321 altera
847 4254 1148 4341 Etymologicorum
1178 4251 1357 4316 doctrinam
1386 4248 1495 4331 refert,

165 4358 205 4422 cf.
233 4355 286 4421 Eti
320 4356 365 4422 Mi
400 4357 545 4423 codicem
573 4358 666 4424 Sorb.
692 4383 722 4446 p.
745 4359 816 4442 454,
843 4361 881 4423 16
912 4367 943 4420 et
970 4354 1056 4421 (ludi
1092 4378 1122 4441 p.
1150 4354 1221 4437 265,
1255 4355 1280 4417 1.
1324 4349 1497 4415 Accedunt

167 4471 318 4546 quattuor
339 4461 478 4548 glossae,
501 4486 524 4527 s.
543 4486 574 4527 v.
595 4459 759 4545 Βονζύγης,
782 4454 911 4546 Δηλιάς,
934 4455 1152 4537 Μελαναιγίδα
1170 4452 1343 4532 Διόνυσον,
1359 4447 1495 4534 'Popilie

306 4753 327 4823 ¹)
359 4752 412 4806 Vel
430 4755 454 4806 si
473 4754 536 4824 quis
552 4752 686 4806 Photium
708 4752 800 4820 ipsum
827 4767 844 4802 a
864 4748 951 4804 Suida
974 4747 1133 4801 adhibitum
1152 4762 1212 4798 esse
1230 4748 1325 4814 negat,
1351 4741 1497 4809 utriusque

166 4843 284 4893 auctore
303 4842 442 4895 communi
460 4840 565 4895 Photio
584 4856 674 4910 paene
693 4839 764 4908 pari.
