3548 5580
881 482 1092 551 ...20-

551 667 737 758 Hesychius
1140 670 1271 737 Scholia
1292 670 1520 759 Lycophronis

319 768 450 858 Ἰατρὸς·
487 769 705 858 (θεραπεοτὴς
732 764 754 857 ἢ
779 765 961 858 ἐφαπτὶςῆ
1057 775 1138 839 1377
1164 773 1206 838 ad
1227 775 1331 840 verba
1356 780 1514 860 χρησμοῖς
1532 766 1662 856 Ἰατροῦ

363 866 446 963 ἥρως
483 870 674 961 Ἀθήνησιν
717 866 858 958 ἀρχαῖος)
910 875 961 938 καὶ
1012 876 1190 941 Padnotat:
1212 883 1277 947 τοῖς
1287 883 1443 960 χρησμοῖς
1452 868 1661 942 τοῠἈιτόλ-

361 973 547 1044 Ἀπόλλων.
591 976 639 1042 Of.
663 1002 734 1066 cap.
757 977 792 1040 II
815 1000 848 1064 p.
873 979 921 1042 11.
1013 978 1126 1049 λωνος·
1150 969 1258 1059 ιάτρὸς
1279 977 1349 1059 γάρ.

317 1071 449 1165 Ἰχναίην
480 1075 601 1162 χώραν·
645 1075 716 1164 (την
741 1079 959 1155 Μακεδονίαν,
1056 1082 1125 1163 129,
1142 1104 1174 1168 p.
1191 1081 1242 1163 76,
1259 1081 1297 1144 17
1312 1079 1361 1145 K:
1384 1074 1532 1164 θυγάτηρ
1547 1077 1585 1142 δὲ
1600 1078 1660 1142 τοῦ

361 1179 444 1246 ἔνθα
464 1177 503 1246 τὸ
530 1186 682 1262 μαντεῖον
702 1170 882 1244 Ἀπόλλων
900 1201 960 1244 κα·
1009 1178 1120 1246 Ἡλίου
1135 1183 1241 1265 Θέμις,
1263 1179 1348 1245 διότι
1366 1177 1460 1245 πάντ’
1476 1176 1581 1263 ἐφορᾷ
1604 1180 1658 1242 καὶ

360 1289 475 1362 τέσχε).
498 1283 550 1347 καὶ
570 1283 700 1363 τιμᾶται
721 1276 832 1369 Ἰχναίη
852 1284 959 1364 Θέμις.
1009 1281 1101 1349 πάντ’
1117 1280 1282 1373 ἐπακούει,
1299 1277 1379 1347 ὅθεν
1393 1283 1445 1346 καὶ
1457 1275 1585 1361 Ἰχναία,
1602 1277 1658 1344 διδ

1008 1383 1047 1452 τὸ
1076 1385 1143 1450 κατ’
1172 1383 1258 1464 ἴχνος
1285 1387 1350 1449 τῶν
1385 1377 1568 1466 ἀνθρώπων
1595 1406 1658 1447 πο-

1009 1483 1174 1569 ρεύεσθαι.
1207 1488 1234 1552 Ρ
1253 1488 1313 1553 129
1335 1481 1477 1569 Ἰχναίας]
1503 1485 1561 1569 τῆς
1585 1485 1656 1548 κατ’

1009 1591 1110 1669 ἴχνιον
1121 1587 1289 1674 βαινοδσης
1302 1589 1355 1652 καὶ
1368 1585 1442 1659 τοὺς
1457 1582 1656 1669 ἀνθρώπους

1008 1689 1191 1777 ἐφορώσης,
1221 1685 1289 1777 ἣτις
1309 1686 1396 1754 ἐστὶν
1424 1683 1445 1775 ἦ
1474 1692 1588 1770 Θέμις·
1619 1684 1655 1752 ἐν

1003 1789 1174 1880 Ἴχναι[αι]ς
1196 1786 1255 1875 γὰρ
1278 1790 1332 1877 τῆς
1355 1792 1561 1862 Μακεδονίας
1583 1791 1654 1855 διέ-

1008 1900 1126 1979 τριβεν.

316 2000 513 2087 Μάμερτος·
530 1992 649 2086 Ἄρης.
1053 1999 1144 2083 1410,
1168 2021 1200 2085 p.
1226 1997 1296 2082 193,
1321 1996 1342 2062 3
1363 1997 1411 2061 K:
1435 1996 1597 2066 Κανδαῖος
1618 1992 1655 2059 δὲ

1011 2101 1063 2164 καί
1086 2097 1262 2184 Μαμερτος
1284 2093 1441 2184 δἈρης.

312 2195 500 2286 Ὁμολώιος·
539 2202 685 2290 Θηβησιν
720 2193 803 2266 οὕτω
836 2224 960 2285 προςα-
1050 2204 1121 2287 519,
1151 2226 1182 2290 Ρ.
1208 2202 1278 2286 117,
1303 2203 1341 2266 11
1366 2199 1414 2265 K:
1446 2200 1498 2262 καί
1522 2194 1542 2261 ὅ
1569 2192 1655 2268 Ζεὺς

358 2306 522 2390 χορεύεται
545 2299 563 2367 ὁ
583 2300 677 2376 Ζεὺς.
1010 2305 1089 2389 παρ’
1118 2296 1225 2374 αὐτοῖς
1257 2303 1338 2384 (scil.
1364 2304 1530 2388 Θηβαίοις)
1564 2292 1653 2382 Ὁμο-

316 2409 447 2473 Plenior
461 2408 570 2494 glossa
585 2416 692 2471 exstat
705 2405 794 2493 apud
807 2405 960 2471 Photium
1011 2407 1103 2478 λώιος
1123 2406 1187 2471 κτλ.

360 2533 375 2574 s
406 2533 446 2593 v.,
469 2510 510 2575 cf.
533 2530 604 2594 cap.
626 2507 660 2572 ΙΙ
681 2531 712 2595 p.
736 2509 766 2574 9.

317 2611 508 2693 Παλαίμων·
533 2605 552 2673 o‘
573 2605 739 2694 Ἡρακλῆς.
1050 2612 1121 2695 662,
1158 2633 1191 2697 p.
1220 2611 1289 2694 132,
1320 2609 1361 2673 14
1388 2609 1436 2673 K:
1474 2607 1657 2688 Παλαίμων

1008 2714 1047 2778 δέ
1084 2708 1100 2776 ὃ
1134 2707 1291 2795 Ἡρακλῆς
1327 2701 1382 2774 διὰ
1423 2700 1462 2774 τὸ
1498 2708 1658 2772 παλαῖσαι

1009 2811 1106 2880 αὐτὸν
1135 2816 1180 2901 τῷ
1208 2813 1267 2879 Διὶ
1298 2803 1318 2898 ἢ
1345 2813 1391 2898 τῷ
1415 2801 1573 2897 Ἀχελώην
1596 2834 1656 2875 πο

1008 2916 1109 3003 ταμῷ.

1009 3020 1059 3107 Qf.
1083 3021 1134 3085 Et.
1156 3019 1201 3086 M.
1225 3042 1250 3084 s.
1271 3042 1303 3083 v.
1323 3014 1489 3097 Πολεμών.

316 3122 491 3208 Παλληνίς·
511 3118 532 3207 η
554 3117 689 3208 Ἀθηνᾶ
712 3118 746 3185 ἐν
768 3122 914 3190 Χαλκίδι.
1053 3123 1144 3204 1261,
1166 3145 1198 3209 Ρ.
1222 3122 1293 3203 181,
1315 3121 1335 3185 9
1358 3120 1408 3184 K:
1441 3116 1577 3182 Μννδία
1602 3116 1655 3181 καὶ

1006 3219 1208 3310 Παλληνὶςὴ
1238 3218 1375 3308 Ἀθηνᾶ
1396 3219 1531 3301 τιμᾶται.

445 3325 544 3390 Μοδο
565 3327 759 3415 Hesychius,
794 3325 891 3390 modo
923 3324 1097 3391 scholiasta
1126 3326 1312 3391 uberiorem
1335 3346 1369 3389 se
1391 3324 1540 3412 praebet,
1573 3344 1655 3387 non-

316 3451 494 3515 numquam
517 3427 558 3492 ad
578 3429 716 3494 verbum
736 3431 918 3494 concinunt.

445 3531 556 3595 Pauca
576 3530 617 3596 de
638 3530 701 3596 hoc
723 3531 797 3595 loco
821 3529 1017 3617 disputanda
1039 3539 1126 3594 sunt:

430 3631 616 3719 Hesychius
1027 3631 1157 3696 Scholia
1179 3630 1408 3718 Lycophronis

315 3726 479 3818 Ἐνόρχης·
512 3733 670 3804 Διόνυσος
692 3728 729 3797 ἐν
778 3736 851 3816 212,
871 3757 904 3820 Ρ.
921 3734 971 3817 85,
988 3733 1091 3799 1311:
1115 3724 1260 3815 Ἐνὸρχης
1282 3730 1320 3795 δέ
1341 3728 1359 3794 δ
1381 3729 1546 3801 Διόνυσος
1568 3726 1654 3794 διότι

422 3833 534 3919 Σάμη.
777 3833 845 3917 μετ’
870 3828 1028 3920 ὀρχήσεως
1052 3829 1151 3898 αὐτοῦ
1189 3830 1380 3898 ἐπιτελεῖται
1410 3829 1450 3897 τὰ
1475 3830 1652 3919 μοστηρια;

779 3961 810 4024 Ρ.
823 3938 874 4016 85,
890 3940 929 4003 16
941 3939 989 4004 K:
1005 3936 1127 4017 δαίμων
1140 3934 1177 3998 δέ
1188 3928 1338 4020 Ἐνόρχης
1354 3931 1371 3998 ὁ
1387 3931 1549 4005 Διόνυσος
1562 3927 1652 4015 παρὰ

778 4041 948 4120 Λεσβίοις·
965 4039 1046 4120 φασὶ
1065 4034 1122 4101 δύο
1138 4030 1297 4119 ἀδελφοὺς
1311 4038 1507 4122 σομμιχῆναι
1521 4039 1651 4119 (σομμι

779 4145 887 4221 γέννας
898 4140 943 4224 Α,
959 4141 987 4204 Τ
1000 4139 1135 4205 eandem
1149 4162 1218 4205 rem
1229 4140 1301 4205 aliis
1313 4141 1422 4206 verbis
1434 4161 1512 4204 usus
1526 4138 1653 4220 refert),

784 4243 928 4326 Θοίστην
950 4244 1003 4307 καί
1024 4238 1082 4329 τὴν
1101 4240 1222 4317 Δαιτώ,
1254 4237 1290 4317 ἐξ
1316 4227 1362 4304 ὧν
1383 4236 1501 4326 ἐτέχθη
1524 4240 1654 4322 πρῶτος

779 4351 857 4413 παῖς
877 4338 1043 4430 Ἐνόρχης,
1071 4330 1168 4427 ἇφόῧ
1188 4344 1239 4407 καὶ
1264 4337 1282 4406 ὅ
1306 4340 1468 4414 Διόνυσος
1490 4336 1651 4426 Ἐνὸρχης·

780 4437 872 4527 δχὰρ
886 4452 961 4516 παῖς
974 4440 1074 4511 αὐτοῦ
1094 4440 1282 4528 χὶδρύσατο
1307 4435 1374 4509 α’πὸ
1395 4444 1452 4509 τοῦ
1474 4442 1558 4508 ἰδίαν
1580 4435 1654 4507 δνό·

780 4568 890 4628 ματος.

447 4647 594 4714 Eandem
616 4649 760 4716 eiusdem
782 4649 834 4714 dei
855 4650 954 4714 fuisse
974 4646 1141 4734 ἐπίκλησιν
1166 4660 1304 4736 uterque
1318 4652 1411 4715 testis
1427 4672 1501 4715 cum
1522 4648 1653 4729 referat,

321 4770 496 4816 consensus
531 4752 565 4815 in
595 4751 704 4818 lucido
745 4763 809 4837 est;
852 4775 891 4817 ac
928 4752 1051 4817 scholia
1087 4751 1315 4839 Lycophronis
1357 4753 1512 4818 uberiora
1555 4770 1654 4841 quam
