3548 5580
775 475 988 541 -64-

416 663 538 734 Σιξτίων
556 662 691 736 [Δικτίον
707 660 783 734 libri]
802 661 830 716 ἐν
847 657 1025 732 ὑπομνήματι
1042 657 1235 734 Λυκόφρονος.
1271 660 1304 714 In
1321 666 1456 731 corrupto
1474 660 1553 715 Dec-

417 752 495 804 tione
513 750 618 802 dudum
636 748 701 802 inde
720 766 737 802 a
757 749 948 802 Valckenario
967 747 1186 801 elaboraverunt
1202 747 1257 800 viri
1280 746 1365 809 docti,
1393 753 1425 800 ut
1444 749 1554 801 tertiae

418 836 494 890 filiae
505 835 668 904 Aesculapii
681 851 782 888 nomen
795 835 965 888 scholiastae
977 833 1073 887 verbis
1085 833 1269 897 intruderent
1282 833 1332 887 sed
1344 833 1465 894 frustra;
1483 851 1554 886 narn

419 924 488 977 nulli
506 922 600 976 adhuc
617 921 776 975 emendatio
797 937 933 991 prospere
952 921 1045 973 cessit.
1081 920 1242 975 Sextionem
1260 919 1348 989 igitur
1361 920 1452 983 istum,
1466 937 1555 989 quem

419 1010 559 1063 hominem
581 1007 748 1061 recentioris
766 1008 869 1061 aetatis
887 1006 976 1060 fuisse
997 1023 1097 1059 nomen
1122 1006 1235 1059 videtur
1259 1005 1393 1070 indicare,
1423 1006 1554 1060 Theonis

420 1095 651 1149 commentarium
679 1093 880 1147 retractavisse
903 1092 947 1146 vel
965 1094 1062 1162 potius
1089 1092 1270 1160 excerpsisse,
1296 1108 1353 1144 non
1371 1093 1463 1161 ipsum
1485 1109 1554 1161 pro·

420 1183 483 1251 pria
502 1180 610 1234 scholia
629 1180 793 1243 confecisse,
812 1180 861 1232 illa
881 1180 944 1249 ipsa
961 1180 1057 1250 glossa
1076 1195 1096 1231 s.
1110 1196 1135 1230 v.
1149 1173 1288 1245 Ἀμαντος
1305 1182 1438 1237 testatur:
1460 1178 1501 1244 76,
1516 1179 1554 1231 54

414 1264 564 1337 Ἀμαντες·
584 1267 610 1319 ol
628 1269 686 1343 περὶ
703 1263 892 1340 Ἑλαφήνορα
919 1259 989 1334 μετὰ
1007 1264 1117 1340 Τροίας
1147 1256 1251 1316 ἅλωσιν
1281 1257 1411 1328 διέβησαν
1436 1266 1471 1329 τίς
1498 1259 1555 1328 τήν

420 1352 529 1428 ἤπειρον
546 1356 594 1405 καὶ
613 1348 722 1424 ᾤκησαν
740 1347 815 1426 παραὶ
836 1349 874 1404 τοὶ
891 1348 1033 1427 Κεραύνια
1053 1344 1111 1426 ὅρη,
1134 1346 1244 1400 ἔκτισαν
1267 1342 1295 1401 δὲ
1317 1343 1449 1414 Εὔβοιαν,
1483 1341 1555 1403 ὅθεν

416 1436 548 1506 Ἄβαντες
566 1436 729 1502 ἐκλήθησαν.
766 1436 887 1505 Σεξτίων
907 1436 934 1489 ἐν
946 1435 1125 1506 ὑπομνήματι
1136 1431 1329 1512 Λυκόφρονος.
1364 1435 1470 1489 Eadem
1485 1436 1555 1489 doc·

420 1527 496 1579 trina
515 1526 580 1579 olim
607 1521 784 1592 locupletior,
810 1540 885 1575 nunc
904 1523 1029 1576 lacerata
1056 1526 1149 1575 exstat
1165 1521 1196 1572 in
1214 1520 1300 1574 schol.
1320 1521 1373 1591 Ap.
1395 1521 1487 1574 Rhod.
1509 1522 1555 1575 IV

421 1614 489 1666 1175
506 1607 615 1675 ταύτην
634 1609 755 1676 (scilieet
773 1608 927 1676 Euboeam)
956 1608 982 1660 oi
1008 1612 1205 1671 κατοικοῦντος
1234 1601 1305 1675 perci
1329 1605 1416 1661 Ἰλίου
1445 1601 1555 1661 ἅλωσιν

420 1700 447 1752 οἱ
464 1694 660 1767 assatam,
673 1735 816 1759 ........
816 1694 823 1713 '
826 1695 990 1764 Αμαντίνην
1007 1691 1144 1765 parcant
1194 1693 1291 1747 Verba
1316 1693 1483 1748 Callimachi
1509 1695 1555 1746 in-

420 1792 503 1854 tegra
521 1783 645 1836 servavit
664 1780 825 1851 Stephanus
842 1780 1001 1850 Byzantius
1014 1777 1157 1845 Ἂβαντος,
1180 1797 1208 1848 p.
1225 1785 1250 1843 4,
1271 1780 1288 1833 3
1309 1780 1346 1833 Μ.
1393 1780 1556 1849 Utriusque

422 1870 523 1924 scholii
541 1885 614 1921 unus
627 1875 727 1920 auctor
739 1884 819 1920 nemo
836 1872 932 1937 potest
945 1884 1005 1921 esse
1017 1867 1073 1918 nisi
1086 1864 1175 1932 Theo,
1196 1883 1262 1918 nam
1280 1865 1420 1922 Sextionis
1438 1866 1557 1919 nomine

421 1958 506 2011 etiam
525 1953 670 2024 Apollonii
689 1953 798 2006 scholia
817 1970 933 2007 onerare
952 1970 1009 2006 non
1029 1969 1128 2005 vereor
1145 1969 1181 2005 ne
1199 1953 1263 2021 quis
1281 1952 1393 2006 audeat.
1431 1951 1557 2015 Quodsi

423 2049 473 2107 est,
492 2042 563 2095 nihil
581 2040 676 2096 Sextio
696 2040 751 2092 nisi
769 2038 857 2092 verba
875 2039 1000 2093 Theonis
1018 2039 1215 2108 transscripsit
1233 2044 1262 2092 et
1278 2037 1460 2108 propagavit.

216 2168 279 2221 cap.
299 2152 323 2204 V
341 2169 368 2220 p.
392 2150 433 2202 22.
470 2145 615 2200 Welckeri
634 2144 713 2196 locus
734 2149 776 2195 est
796 2143 825 2194 in
845 2143 916 2211 cycl.
935 2160 978 2212 ep.
996 2143 1043 2196 vol
1060 2143 1090 2197 II
1109 2161 1135 2212 p.
1154 2143 1187 2195 97
1207 2144 1275 2208 (non
1291 2141 1362 2209 397).

216 2255 279 2308 cap.
298 2239 324 2292 V
346 2257 373 2308 p.
392 2236 435 2290 24.
471 2230 603 2287 Gerhard
624 2229 658 2282 de
677 2228 783 2281 Midiae
802 2229 917 2282 vasculo
936 2229 1094 2298 disputavit
1112 2232 1141 2283 in
1160 2226 1445 2281 commentationibus
1462 2225 1557 2294 philo-

423 2320 524 2391 logieis
543 2323 572 2370 et
588 2316 734 2368 historicis
753 2314 833 2367 acad.
852 2314 944 2368 Berol.
963 2333 1029 2368 ann.
1052 2321 1116 2374 1839
1134 2333 1161 2384 p.
1179 2314 1327 2368 295-303.

218 2427 280 2479 cap.
301 2410 325 2462 V
344 2428 370 2479 p.
389 2415 431 2468 26.
466 2407 501 2458 In
524 2402 693 2473 Cypriorum
712 2399 841 2454 versibus
867 2401 992 2455 laudatis
1021 2401 1158 2454 traditum
1185 2406 1239 2453 est:
1270 2400 1323 2454 ἔσω
1354 2392 1436 2474 δρυός
1466 2396 1557 2468 ἄμφω

422 2490 526 2555 κοίληςε
550 2487 638 2542 verba
655 2487 833 2556 transposuit
851 2485 880 2540 C.
899 2486 945 2540 W.
964 2487 1074 2541 Miiller.

218 2597 280 2650 cap.
300 2581 325 2635 V
343 2598 370 2649 p.
389 2586 431 2638 31.
467 2576 531 2629 Lin.
552 2582 563 2632 l
584 2574 658 2644 lege:
678 2590 695 2625 a
712 2571 945 2641 Lycophronev.
964 2574 1023 2626 680.

219 2682 280 2735 cap.
302 2666 324 2719 V
344 2684 370 2735 p.
389 2666 431 2717 31.
466 2664 545 2716 Inter
572 2676 620 2714 eas
647 2656 796 2722 ἐπικλήσεις,
830 2675 901 2728 quae
931 2661 961 2713 in
991 2660 1107 2715 scholiis
1136 2657 1336 2728 Lycophronis
1368 2657 1557 2726 explicantur,

425 2764 594 2820 quamquam
607 2763 624 2799 a
637 2744 826 2814 Lycophrone
848 2762 903 2799 non
923 2745 1070 2800 adhibitae
1089 2752 1161 2810 sunt,
1181 2744 1322 2799 referendi
1341 2750 1407 2798 sunt
1418 2743 1558 2799 Dioscuri

419 2832 555 2898 Ἀνακτις
574 2831 795 2895 Atheniensium,
815 2847 934 2901 quorum
953 2833 1047 2887 αίτιον
1065 2838 1158 2886 exstat
1173 2850 1201 2901 p.
1216 2832 1275 2896 115,
1296 2838 1327 2890 16
1346 2848 1381 2884 ss.

219 2939 281 2992 cap.
300 2921 341 2976 VI
359 2940 387 2991 p.
406 2922 430 2973 7.
466 2921 626 2974 Pausaniae
644 2918 679 2972 de
699 2918 800 2973 Cerere
819 2918 962 2973 Chthonia
978 2920 1058 2972 locus
1077 2924 1121 2971 est
1142 2917 1186 2971 III
1208 2923 1246 2981 14,
1265 2918 1290 2971 5.

219 3026 281 3078 cap.
299 3007 341 3061 71
359 3026 387 3078 μ.
407 3008 448 3061 13.
483 3004 643 3059 Pausaniae
662 3004 697 3057 de
718 3003 853 3073 Neptuno
872 3005 1005 3075 Equestri
1026 3007 1107 3059 locus
1127 3012 1170 3058 est
1188 3004 1245 3058 VII
1263 3004 1304 3068 21,
1324 3004 1350 3057 8.

218 3111 280 3164 cap.
301 3094 341 3148 VI
359 3113 386 3163 p.
409 3093 450 3146 16.
487 3091 647 3145 Pausaniae
666 3090 701 3145 de
719 3091 814 3144 Diana
832 3090 942 3144 Jssoria
965 3091 1044 3146 locus
1062 3092 1196 3146 laudatus
1217 3097 1260 3146 est
1282 3090 1327 3143 III
1346 3088 1388 3152 14,
1407 3089 1432 3141 2.

218 3198 280 3251 cap.
300 3180 340 3234 VI
360 3199 386 3250 p.
406 3180 447 3232 17.
483 3178 607 3233 Ultimus
625 3176 659 3230 de
677 3176 813 3246 Lycaone
835 3178 865 3229 in
889 3177 943 3230 hac
967 3181 1074 3249 pagina
1104 3180 1208 3233 allatus
1233 3179 1313 3231 locus
1344 3181 1387 3230 est
1406 3175 1477 3228 VIII
1495 3174 1559 3238 23

425 3267 493 3331 (non
510 3263 581 3317 VIII
601 3264 625 3325 3,
644 3264 681 3330 3).
1302 3318 1323 3351 a

219 3370 281 3424 cap.
301 3353 342 3406 VI
361 3371 387 3422 p.
406 3353 448 3404 21.
484 3349 681 3403 Kalkmannus
703 3348 738 3402 de
757 3348 859 3403 Cerere
877 3349 1054 3420 Phigaliensi
1073 3351 1200 3421 loquitur
1220 3369 1247 3420 p.
1267 3351 1300 3404 19
1320 3351 1388 3415 (nou
1406 3347 1459 3414 23).

219 3457 281 3509 cap.
302 3439 359 3493 711
377 3456 404 3507 μ.
424 3437 466 3490 13.
503 3436 596 3492 Schol.
616 3435 643 3489 V
656 3434 693 3487 ad
705 3434 729 3491 Σ
741 3435 791 3488 219
811 3436 920 3506 scripsi,
939 3453 995 3507 quo
1008 3445 1134 3507 tempore
1153 3437 1261 3490 scholia
1274 3435 1458 3489 Townleiana
1477 3433 1560 3487 edita

424 3523 548 3576 nondum
577 3528 665 3575 erant.
710 3522 793 3577 Nunc
813 3522 886 3576 idem
910 3523 1037 3577 scholion
1057 3541 1090 3576 ex
1112 3523 1210 3577 codice
1229 3522 1254 3574 T
1272 3521 1370 3576 eadem
1393 3519 1560 3588 corruptela

424 3610 603 3679 inquinatum
615 3607 730 3678 prodiit,
740 3625 831 3678 neque
841 3608 982 3662 Maassius
995 3609 1150 3679 quidquam
1163 3616 1273 3663 mutare
1291 3624 1377 3662 ausus
1390 3612 1441 3670 est,
1460 3623 1558 3675 quam-

427 3712 511 3764 quam
521 3695 682 3748 Pausaniae
692 3694 859 3766 Hyginique
869 3697 1032 3750 testimonia
1042 3696 1184 3766 apposuit.
1203 3695 1311 3749 Tamen
1322 3694 1444 3763 Tyrseni
1455 3709 1560 3746 nomen

424 3782 523 3851 utique
537 3780 742 3833 restituendum
755 3786 810 3834 est:
827 3798 892 3834 nam
904 3798 956 3835 nec
967 3788 1062 3852 potest
1071 3782 1183 3837 Graeca
1192 3782 1263 3835 tuba
1273 3798 1347 3851 quae
1356 3785 1475 3834 vocatur
1485 3778 1559 3848 Tyr·

424 3882 555 3920 senorum
579 3882 640 3919 esse
663 3872 692 3921 et
714 3868 743 3920 in
768 3867 866 3921 eodem
889 3868 1021 3921 tubarum
1048 3869 1180 3939 catalogo
1204 3868 1316 3923 Graeca
1339 3867 1376 3922 ab
1399 3883 1440 3929 ea,
1473 3882 1561 3935 quam

424 3951 546 4021 Tyrseni
569 3953 744 4017 invenerunt,
769 3953 874 4008 diserte
897 3954 1096 4025 distinguitur:
1117 3955 1136 4020 ἡ
1157 3949 1181 4007 δ’
1205 3951 1270 4020 ἕκτη
1289 3947 1449 4032 Τυρσηνική
1468 3952 1561 4021 ὁμοία

425 4036 539 4112 Φρυγίῳ
558 4034 638 4110 αὐλῷ
659 4033 710 4092 τόν
728 4034 847 4092 κώδωνα
864 4039 1048 4109 κεκλασμένον
1061 4040 1183 4110 ἔχουσα·
1202 4041 1260 4095 ἐστὶ
1273 4036 1301 4095 δὲ
1319 4041 1385 4094 λίαν
1397 4038 1559 4108 ὀξύφωνος·

424 4124 553 4178 καλεῖται
570 4120 598 4179 δὲ
617 4124 703 4195 λιηῦν.
722 4124 829 4190 ταύτης
846 4127 913 4179 εἰσὶν
931 4125 1046 4203 εὑρηταὶ
1064 4128 1216 4205 Τυρσηνοί,
1235 4129 1334 4192 ου’τής
1345 4126 1405 4204 παρ’
1416 4120 1559 4190 Ἓλλησιν.

220 4246 281 4300 cap.
301 4229 357 4283 Vll
380 4248 406 4298 p.
427 4229 469 4283 16.
507 4228 602 4283 Venus
621 4246 638 4282 a
656 4229 847 4299 Lycophrone
869 4232 942 4297 (449)
964 4230 1043 4284 dicta
1067 4235 1110 4284 est
1127 4230 1281 4309 Ζηρυνθία.
1326 4229 1413 4286 Cuius
1434 4230 1490 4283 loci
1512 4245 1560 4282 va-

425 4316 496 4368 riam
515 4314 664 4369 lectionem
676 4322 860 4370 servaverunt
872 4316 980 4370 scholia
998 4317 1177 4394 Τροιζηνίαν,
1197 4335 1270 4387 quae
1284 4334 1339 4371 vox
1352 4314 1483 4380 ἐπίκλησις
1502 4331 1560 4367 non

425 4407 483 4467 est3
501 4418 566 4454 nam
585 4417 731 4470 nusquam,
751 4408 887 4472 quantum
907 4403 966 4455 scio
980 4402 1076 4456 Venus
1097 4403 1246 4479 Τροιζηνία
1265 4402 1418 4466 colebatur,
1433 4399 1482 4454 sed
1501 4401 1559 4469 epi-

425 4486 523 4541 theton
537 4502 554 4540 a
567 4486 696 4540 Trozene
717 4487 786 4541 urbe
805 4493 957 4557 propterea
975 4490 1134 4558 repetitum,
1157 4490 1225 4559 quia
1237 4488 1278 4542 ibi
1292 4488 1411 4543 Veneris
1423 4486 1560 4556 templum

425 4572 535 4627 celebre
553 4578 622 4626 erat.
653 4572 740 4626 Cuius
753 4590 826 4643 quae
838 4572 926 4627 fuerit
945 4572 1084 4640 ἐπίκλησις,
1103 4592 1155 4627 nec
1171 4575 1324 4646 Lycophro
1337 4591 1389 4628 nec
1403 4572 1560 4627 scholiasta

428 4665 634 4712 commemorat.
671 4658 860 4714 Nihilominus
879 4660 925 4712 hic
944 4659 1038 4712 αἴτιον
1056 4661 1149 4715 cultus
1168 4663 1283 4731 exponit
1303 4679 1330 4730 p.
1349 4660 1407 4723 109,
1428 4660 1457 4712 9:
1478 4651 1563 4723 ήὸτι

427 4743 455 4797 ἐν
472 4744 606 4823 Τροιζῆνι
629 4740 700 4824 ίιρόν
719 4740 891 4822 Ἀφροδίτης
908 4741 964 4800 ὑπὸ
985 4742 1115 4824 Φαίδρας
1142 4741 1292 4822 ἱδρυμένον,
1320 4737 1368 4801 ὅτι
1398 4741 1453 4823 ἦρα
1468 4745 1561 4799 *Ιππο-

429 4827 520 4886 λύτου
540 4837 594 4885 τοῦ
605 4830 717 4899 Θησέος
738 4835 787 4885 καὶ
803 4830 964 4900 Ἱππολύτης
983 4839 1031 4898 τῆς
1047 4831 1207 4904 Ἀμαζόνος
1226 4828 1332 4902 παιδός.
1366 4834 1445 4889 Idem
1464 4834 1560 4890 αι’τιον
