3548 5580
711 466 919 533 -27-

149 661 350 748 aperiegesi
372 659 517 725 diversas
544 655 705 722 adhibitos
733 679 802 722 esse
828 679 960 723 necesse
989 658 1046 740 sit3
1078 656 1119 723 cf.
1148 657 1313 723 Bacchum
1342 654 1477 736 Κισσόν,

150 761 312 828 Venerem
328 762 514 839 Κολαινίδα,
539 762 680 826 Dianam
694 751 897 841 Ἀμαρυσίαν.
942 759 1093 825 Alterum
1109 783 1248 848 quoque,
1263 760 1477 848 qu0d132,2

153 873 277 930 statuas
316 888 451 952 arasque
484 873 651 930 enumerat
686 865 843 927 montium
880 861 1082 945 Atticorum,
1125 863 1204 928 nihil
1247 863 1378 928 exhibet
1417 867 1478 929 nisi

153 963 341 1053 ἐπικλήσεις,

278 1069 341 1134 Sed
368 1072 432 1135 iam
460 1069 558 1134 finem
585 1069 742 1133 faciamus
773 1067 951 1132 disserendi
976 1069 1134 1155 brevique
1160 1069 1477 1155 comprehendamus,

152 1172 229 1258 quid
252 1175 402 1237 effectum
424 1175 464 1237 sit
486 1174 534 1255 iis,
556 1194 640 1258 quae
662 1170 703 1236 de
726 1172 886 1236 Pausania
909 1170 1155 1257 disputavimus.

276 1276 454 1340 Pausanias
477 1297 586 1342 eorum
613 1297 695 1360 quae
720 1273 760 1337 de
783 1273 918 1338 deorum
940 1274 1185 1360 cognominibus
1208 1272 1323 1356 adfert,
1352 1286 1478 1362 partem

150 1378 295 1465 aliquam
332 1380 521 1443 auctoribus
555 1378 619 1441 suis
652 1377 857 1464 periegeticis
897 1375 1012 1460 debet;
1054 1397 1193 1462 quorum
1230 1399 1386 1462 quosnam
1423 1376 1477 1441 ad·

148 1480 290 1545 hibuerit
314 1492 370 1545 aut
390 1504 468 1545 num
489 1481 683 1568 periegesim
710 1502 768 1544 sua
798 1501 898 1565 opera
929 1478 1119 1562 confecerit,
1154 1500 1219 1542 non
1251 1488 1398 1544 nostrum
1431 1491 1479 1546 est

151 1605 318 1668 quaerere.
341 1583 502 1669 Pleraque
515 1593 622 1648 autem
633 1584 784 1671 apparuit
796 1582 982 1669 aperiegesi
992 1603 1061 1645 esse
1074 1581 1178 1645 aliena
1191 1583 1284 1668 eique
1293 1582 1479 1648 aPausania

150 1685 281 1750 aliunde
304 1687 433 1749 inserta.
475 1685 600 1750 Eadem
621 1684 784 1750 nonnullis
805 1684 885 1748 locis
908 1681 1094 1770 discrepant
1113 1707 1132 1747 a
1150 1683 1284 1770 reliquis
1299 1685 1479 1750 Pausaniae

153 1789 349 1852 auctoribus.
391 1787 503 1874 Atque
519 1811 629 1852 omnes
649 1787 780 1874 quidem
804 1787 867 1850 loci
889 1787 944 1872 qui
967 1796 1041 1850 sunt
1063 1808 1104 1850 ex
1117 1786 1179 1850 hoc
1197 1809 1326 1872 genere,
1347 1788 1393 1852 ita
1405 1797 1480 1853 sunt

154 1892 340 1977 comparati,
361 1901 397 1955 ut
419 1885 599 1973 ἐπικλήσεις
625 1914 749 1955 summa
769 1892 816 1954 rei
840 1891 890 1954 sit.
946 1889 1069 1953 Tamen
1101 1887 1184 1953 illud
1215 1910 1346 1974 quoque
1380 1893 1479 1956 mani·

153 1993 269 2057 festum
291 2002 361 2058 erat
383 1993 576 2057 Pausaniam
598 2016 662 2057 non
680 1994 775 2057 unius
797 1993 938 2056 auctoris
962 1992 1138 2055 sententiae
1159 2013 1193 2055 se
1216 1989 1391 2077 addixisse,
1423 1993 1480 2058 sed

154 2117 226 2159 cum
248 2118 294 2172 ea,
317 2117 402 2183 quae
419 2094 459 2158 de
482 2095 616 2180 singulis
637 2096 882 2179 cognominibus
902 2092 1088 2176 adnotabat,
1109 2095 1194 2156 inter
1212 2115 1245 2157 se
1261 2117 1359 2180 quam
1374 2095 1479 2160 diver-

151 2199 275 2262 sissima
297 2198 445 2262 solebant
468 2219 547 2279 esse,
574 2208 644 2262 tum
667 2198 796 2284 saepius
818 2194 952 2260 eandem
974 2190 1138 2281 ἐπίκλησιν
1159 2197 1258 2260 variis
1279 2196 1384 2261 modis
1406 2197 1480 2263 illu·

150 2301 293 2366 atrebat:
336 2299 512 2364 multorum
546 2311 716 2364 auctorum
750 2323 864 2363 manus
897 2299 1189 2385 conspiciebantur.
1245 2299 1362 2386 Itaque
1395 2300 1478 2364 Pau-

149 2405 273 2483 sanias,
305 2405 458 2488 quoniam
486 2414 635 2466 auctores
661 2401 719 2466 hos
741 2403 859 2488 partim
882 2402 1114 2466 remotissimos
1135 2401 1205 2488 ipse
1228 2400 1479 2488 perlustravisse

151 2504 240 2570 credi
254 2528 319 2570 non
332 2517 450 2593 potest,
465 2503 693 2592 compilatione
708 2527 785 2568 usus
802 2514 858 2589 est,
881 2526 946 2592 qua
962 2525 979 2568 e
994 2503 1104 2568 multis
1119 2503 1288 2568 literarum
1303 2506 1480 2592 provinciis

152 2609 272 2694 optima
306 2630 456 2694 quaeque
484 2606 631 2672 doctrina
661 2605 701 2670 de
731 2606 866 2672 deorum
896 2607 1046 2694 epithetis
1069 2617 1224 2692 congesta
1248 2618 1327 2672 erat.
1384 2606 1477 2688 Quae

153 2704 348 2795 ἕπικλήσεοον
369 2710 496 2797 sylloge
517 2732 582 2774 non
603 2707 700 2773 modo
725 2732 779 2774 eas
801 2709 960 2775 Graeciae
982 2709 1130 2794 regiones
1155 2709 1361 2796 respiciebat,
1397 2733 1479 2797 quas

151 2812 325 2877 Pausanias
348 2811 536 2899 descripsit,
572 2810 629 2876 sed
650 2833 760 2876 omnes
778 2810 885 2895 locos,
921 2812 1039 2898 quibus
1062 2810 1183 2875 Graeci
1206 2809 1251 2875 dii
1272 2812 1480 2898 colebantur;

150 2925 246 3002 atque
271 2914 312 2979 ad
336 2938 390 2980 eas
411 2918 509 2980 urbes
531 2924 644 3000 gentes
666 2914 799 2998 insulas,
821 2926 902 3002 quas
917 2914 1093 2978 Pausanias
1108 2922 1237 2996 tractat,
1260 2914 1420 2979 accedunt
1436 2937 1477 2980 ex

149 3019 281 3084 Aetolia
304 3017 463 3106 Calydon,
487 3042 528 3083 ex
550 3017 630 3083 Asia
656 3014 777 3097 Cnidus,
802 3015 949 3102 Ephesus,
981 3014 1112 3093 Miletus,
1143 3039 1184 3081 ex
1205 3017 1318 3081 insulis
1342 3017 1478 3102 Rhodus,

151 3123 271 3187 Tenus.
325 3122 461 3186 Praeter
483 3122 627 3187 Graecos
655 3130 763 3186 autem
788 3121 924 3186 aliarum
945 3121 1090 3206 gentium
1113 3119 1286 3206 religiones
1307 3142 1372 3184 non
1394 3142 1478 3186 com·

150 3225 430 3306 memorabantur3
460 3246 520 3288 nec
549 3224 770 3288 Romanorum
803 3245 863 3287 nec
891 3223 1108 3287 barbarorum
1144 3221 1248 3287 ullum
1277 3221 1366 3310 apud
1395 3223 1477 3287 Pau·

150 3329 273 3392 saniem
302 3336 392 3391 extat
418 3327 608 3412 vestigium3
643 3325 797 3413 Juppiter
827 3335 914 3390 certe
938 3322 1156 3412 Capitolinus,
1189 3347 1287 3411 quam
1316 3321 1481 3410 ἐπίκλησιν

148 3428 276 3512 114,5
298 3450 380 3493 voce
400 3431 586 3510 Κορυφαῖος
608 3429 848 3515 interpretatur,
878 3426 1008 3493 saeculo
1031 3438 1106 3514 post
1128 3426 1202 3494 Ohr.
1224 3427 1367 3493 secundo
1396 3426 1479 3492 adeo

151 3544 220 3596 erat
241 3532 346 3614 tritus,
368 3541 405 3596 ut
425 3531 492 3595 tale
513 3532 835 3617 interpretamentum
857 3532 964 3617 quivis
984 3539 1095 3617 posset
1118 3527 1288 3595 conficere.
