3548 5580
731 467 1044 584 μμ,

219 727 264 807 (ΙΙ
281 729 335 808 38)
353 726 527 792 admodum
542 736 666 791 remoto
682 725 730 806 (Il
745 726 799 806 30)
822 723 997 790 frustulum
1013 740 1184 790 occurrere
1207 720 1350 791 eiusdem
1372 722 1550 790 doctrinae.

218 830 270 895 lbi
294 833 377 895 enim
394 830 622 895 Philochorum
645 841 775 893 secutus
791 829 872 892 'feni
888 828 1077 914 Neptunum
1099 830 1198 893 fuisse
1219 829 1382 894 Medicum
1398 827 1549 892 Clemens

218 945 338 997 narrat.
382 932 446 996 Sed
468 932 551 995 illud
574 943 673 1019 caput
696 945 801 996 totum
826 953 863 995 eo
886 931 997 1015 tendit,
1021 946 1057 994 ut
1079 931 1215 1016 patefiat
1238 933 1316 996 deos
1338 932 1485 998 Graecos
1508 931 1549 994 ab

218 1036 402 1099 hominibus
439 1035 480 1099 ad
513 1037 658 1122 ipsorum
690 1035 846 1118 imagines
879 1033 973 1098 fictos
1006 1055 1092 1115 esse3
1129 1034 1249 1098 multos
1285 1034 1363 1098 deos
1406 1034 1552 1098 eiusdem

219 1139 356 1202 nominis
387 1159 456 1201 esse
486 1137 565 1217 (tres
591 1136 709 1218 Joves,
744 1138 887 1222 quinque
910 1137 1091 1216 Minervas,
1126 1160 1183 1200 sex
1212 1136 1397 1223 Apollines)
1420 1136 1549 1200 demon·

219 1249 356 1304 stratum
378 1252 443 1323 est,
477 1241 541 1303 iam
564 1261 643 1303 vero
664 1239 771 1324 pergit
793 1239 827 1301 Il
851 1239 908 1303 29:
942 1233 1008 1300 ἀλλ’
1031 1235 1069 1300 αἴ
1083 1258 1117 1318 γε
1138 1239 1293 1321 πατρίδες
1313 1231 1425 1308 αὐτοὺς
1446 1238 1499 1300 καὶ
1520 1235 1552 1300 οἱ

219 1337 316 1422 τάφοι
344 1333 537 1424 ἀνθρώπους
572 1337 737 1421 γεγονότας
766 1339 991 1418 διελέγχουσιν.
1045 1340 1096 1405 Ao
1126 1343 1249 1427 patrias
1282 1339 1413 1427 quidem
1442 1342 1551 1404 varias

221 1443 320 1507 Marti
354 1443 453 1507 fuisse
487 1443 583 1507 docet
592 1482 603 1525 ,1
633 1445 724 1507 euius
755 1441 795 1506 de
825 1445 1015 1529 captivitate
1046 1454 1078 1506 et
1104 1442 1145 1507 de
1175 1466 1291 1508 canum
1321 1445 1551 1529 asinorumque

222 1545 389 1610 sacrificiis
410 1545 566 1609 nonnulla
591 1546 822 1611 immiscentur.
875 1545 1063 1632 Sequuntur
1087 1546 1241 1632 deinceps
1263 1543 1297 1609 αἱ
1317 1550 1424 1623 τέχναι
1445 1547 1499 1609 καὶ
1521 1543 1551 1608 οἱ

214 1652 293 1733 βίοι,
318 1659 405 1712 artes
427 1648 562 1713 deorum
586 1658 618 1711 et
635 1650 759 1730 victus,
789 1671 861 1712 cum
887 1657 1068 1735 exponatur
1091 1647 1276 1712 Vulcanum
1298 1649 1398 1712 fuisse
1420 1649 1552 1712 fabrum

218 1752 398 1815 ferrarium.
443 1750 528 1814 Tum
542 1750 637 1814 haec:
659 1745 740 1827 ἔχεις
760 1751 812 1812 καὶ
831 1743 943 1832 ἰατρὸν
964 1742 1033 1828 οὐχὶ
1054 1749 1167 1828 χαλκέα
1189 1747 1292 1830 μόνον
1308 1745 1343 1813 ἐν
1357 1755 1457 1821 θεοῖς.
1497 1752 1550 1814 Sic

220 1855 275 1940 qui
305 1855 428 1940 incipit,
462 1875 536 1917 eum
558 1851 639 1917 duos
663 1852 717 1916 vel
739 1851 851 1937 plures
874 1851 1009 1917 deorum
1031 1852 1173 1917 medicos
1194 1862 1457 1917 enumeraturum
1481 1875 1552 1917 esse

219 1979 314 2041 nego,
335 1977 442 2042 neque
465 1953 615 2018 Clemens
645 1966 892 2018 enumeraturus
915 1965 1001 2038 erat,
1036 1978 1108 2020 cum
1138 1966 1305 2042 pergeret:
1339 1950 1418 2018 ὅδὲ
1441 1951 1552 2037 ἰατρὸς

218 2059 412 2143 φιλάργυρος
434 2046 483 2142 ἦν,
516 2049 709 2141 Ἀσκληπιὸς
732 2050 834 2135 ὄνομα
853 2054 947 2141 αὐτῷ.
1001 2057 1077 2122 Jam
1100 2057 1140 2121 de
1171 2056 1305 2121 deorum
1340 2060 1409 2121 vita
1440 2069 1551 2122 actum

221 2173 280 2244 est,
312 2162 532 2247 transiturquc
554 2158 596 2223 ad
618 2173 753 2243 mortes,
788 2170 820 2223 et
843 2161 913 2246 ipso
936 2161 977 2224 ab
1001 2159 1199 2246 Aesculapio
1226 2182 1347 2223 novum
1370 2162 1551 2247 capitulum

220 2262 439 2351 proficiscitur
447 2262 494 2342 (ll
500 2261 566 2345 30);
579 2263 634 2347 qui
645 2262 831 2349 primolooo
840 2264 973 2349 ponitur
983 2262 1030 2326 aJ
1033 2285 1093 2327 ove
1109 2262 1244 2327 fulmine
1255 2265 1356 2344 ictus,
1370 2275 1552 2348 sequuntur

220 2366 380 2430 Saturnus
410 2368 444 2428 in
476 2364 588 2430 Sicilia
621 2364 784 2452 sepultus,
820 2365 972 2428 Dioscuri
1010 2367 1106 2429 morti
1138 2367 1287 2446 obnoxii,
1321 2365 1483 2430 Hercules
1518 2369 1551 2430 in

221 2467 306 2533 Oeta
323 2477 561 2548 concrematus,
577 2476 674 2553 atque
695 2467 775 2530 haec
791 2466 921 2552 quidem
938 2470 1090 2531 continuo
1106 2489 1253 2531 sermone
1268 2470 1351 2532 bene
1367 2469 1552 2533 cohaerent.

220 2571 343 2635 Verum
385 2569 462 2656 quid
498 2572 557 2635 sibi
589 2570 661 2633 vult
695 2569 751 2632 ille
785 2579 859 2655 post
899 2569 1086 2655 Aesculapii
1126 2580 1298 2633 mortem
1339 2572 1552 2657 interpositus

221 2673 393 2761 Neptunus
415 2671 563 2737 Medicus
586 2671 668 2736 Teni
692 2672 823 2738 cultus?
867 2672 931 2753 Qui
952 2673 1090 2736 fortasse
1112 2671 1190 2734 ferri
1214 2685 1341 2757 posset,
1375 2673 1553 2738 dummodo

222 2787 296 2863 post
328 2775 517 2863 Aesculapii
548 2775 741 2839 medicinam
777 2775 955 2840 collocatus
989 2783 1088 2855 esset,
1128 2774 1206 2837 ferri
1237 2798 1301 2839 non
1334 2786 1444 2863 potest
1477 2789 1554 2862 post

221 2877 410 2964 Aesculapii
432 2889 578 2942 mortem.
628 2877 682 2941 Ab
705 2878 766 2940 hac
793 2876 1012 2964 disputatione
1038 2898 1144 2940 nonne
1173 2900 1307 2965 prorsus
1330 2878 1456 2942 alienus
1479 2879 1552 2943 est?

221 2979 327 3063 Adde,
350 2979 438 3067 quod
460 3001 500 3044 ne
523 3003 596 3044 cum
611 2981 649 3043 iis
665 2978 796 3066 quidem
812 3002 896 3066 quae
910 2980 1059 3066 proxime
1074 2991 1254 3064 sequuntur
1269 2983 1370 3045 artius
1386 3003 1550 3046 connexus

221 3093 286 3146 est:
322 3080 500 3165 Φιλόχορος
521 3083 559 3146 δὲ
586 3081 621 3144 ἑν
645 3081 737 3167 Τήνῳ
759 3080 950 3145 Ποσειδῶνά
980 3098 1061 3165 φησι
1081 3082 1243 3159 τιμᾶσθαι
1263 3074 1397 3164 Ἰατρόν,
1433 3081 1548 3167 Κρόνῳ

220 3182 462 3249 dedetractor
483 3184 628 3249 Σικελίαν
648 3184 700 3247 καὶ
730 3179 872 3247 ἐνταῦθα
900 3177 995 3247 αὐτὸν
1022 3182 1190 3264 τετρῖφθαι.
1245 3184 1319 3249 Non
1344 3208 1454 3269 unum,
1490 3184 1548 3250 sed

222 3288 303 3352 duos
326 3287 415 3352 locos
430 3287 615 3354 Philochori
629 3287 726 3374 plane
742 3285 887 3351 diversos
908 3286 1030 3352 adferri
1051 3308 1111 3373 per
1134 3309 1168 3353 se
1189 3297 1290 3374 patet,
1312 3310 1451 3374 quorum
1467 3290 1554 3354 alter

222 3402 299 3478 apte
320 3388 482 3474 laudatur,
506 3390 589 3454 alter
611 3389 756 3454 ordinem
777 3390 899 3453 turbat.
942 3390 1059 3475 ltaque
1079 3390 1164 3455 hunc
1187 3389 1317 3454 aliunde
1340 3415 1360 3454 a
1382 3388 1554 3456 Clemente

220 3497 378 3558 insertum
394 3514 470 3557 esse
492 3492 621 3577 colligo,
644 3493 835 3578 praesertim
857 3514 931 3556 cum
951 3515 1013 3556 non
1035 3493 1068 3556 in
1083 3493 1222 3556 obscuro
1236 3494 1277 3556 sit
1299 3492 1378 3578 quid
1401 3495 1430 3555 ei
1451 3495 1555 3558 inter·

221 3596 354 3685 polandi
388 3618 499 3660 ansam
532 3594 672 3659 dederit:
709 3616 825 3680 nempe
855 3604 951 3659 antea
984 3593 1172 3681 Aesculapii
1205 3594 1321 3658 medici
1355 3597 1555 3661 mentionem

221 3703 385 3783 iniecerat,
407 3698 519 3786 paullo
541 3706 615 3784 post
631 3696 859 3761 Philochorum
871 3698 913 3761 ab
926 3710 1060 3761 auctore
1081 3719 1178 3782 quem
1195 3698 1365 3782 exscripsit
1380 3695 1554 3762 laudatum

223 3804 399 3867 invenerat.
451 3801 568 3886 Itaque
592 3802 619 3863 si
641 3801 826 3885 quaerimus
847 3799 934 3864 unde
955 3800 1041 3864 hunc
1064 3798 1249 3863 Philochori
1271 3799 1379 3864 locum
1402 3798 1556 3866 Clemens

222 3905 412 3991 sumpserit,
444 3903 531 3967 ultro
560 3923 594 3966 se
617 3903 756 3966 offerunt
784 3912 938 3988 excerpta
965 3902 1245 3988 paragraphorum
1268 3903 1310 3966 38
1335 3915 1367 3965 et
1388 3903 1442 3983 393
1475 3926 1554 3968 nam

223 4006 404 4072 cavendum
426 4015 483 4089 est,
506 4028 547 4069 ne
569 4004 611 4069 ad
633 4004 682 4070 IV
702 4005 743 4068 47
769 4026 843 4069 eum
864 4004 1052 4070 referamus.
1063 4005 1087 4084 ¹)

363 4209 384 4278 ¹)
402 4207 506 4279 Apollo
523 4205 655 4278 Σμίνθιος
672 4205 702 4259 II
720 4207 755 4260 39
773 4205 891 4267 affertur
914 4222 971 4259 non
992 4210 1109 4275 propter
1132 4204 1283 4274 dirizipera,
1308 4205 1357 4258 sed
1379 4210 1411 4257 ut
1432 4208 1554 4260 muriiun

223 4295 315 4350 cultus
341 4295 505 4349 illustretur.
553 4292 680 4346 Eundem
704 4300 849 4348 auctorem
871 4291 999 4346 Clemens
1026 4291 1145 4361 expilat,
1176 4293 1221 4345 cui
1250 4291 1386 4345 Aelianus
1416 4291 1482 4345 hist
1508 4311 1554 4347 an.

223 4382 282 4436 ΧΠ
301 4383 318 4437 5
338 4380 430 4435 debet.
