3548 5580
283 647 552 736 Alexandrinum,
576 651 784 717 scholiastam
798 650 1035 740 Lycophronis,
1057 650 1252 716 Pausaniam
1274 652 1491 739 periegetam:
1513 653 1546 715 in
1567 650 1616 716 his

284 754 381 819 cardo
406 756 632 841 quaestionum
658 764 815 821 vertetur.
864 754 989 820 Tamen
1019 776 1092 819 cum
1114 753 1327 840 Hesychium,
1360 765 1397 819 ut
1419 754 1616 838 Diogeniani

283 857 439 944 reliquias
464 878 620 941 eruerem,
644 880 718 933 cum
736 856 872 943 reliquis
893 858 1009 922 lexicis
1034 878 1267 944 compararem,
1289 855 1457 943 peculiare
1482 855 1614 943 aliquid,

284 960 432 1047 quamvis
457 969 541 1023 esset
564 961 728 1046 exiguum,
761 958 802 1024 de
824 959 925 1025 Suida
954 959 1072 1024 docere
1096 982 1193 1047 posse
1216 959 1294 1023 mihi
1316 961 1405 1023 visus
1428 960 1614 1045 quaestiun-

284 1061 392 1126 culam
415 1059 456 1124 de
471 1061 532 1126 hoc
547 1061 676 1126 homine
692 1061 811 1143 addidi,
834 1085 931 1149 quam
948 1085 1006 1126 cur
1018 1064 1192 1127 retinerem
1213 1084 1311 1127 causa
1325 1084 1391 1126 non
1407 1070 1487 1144 erat,
1502 1084 1615 1148 quam-

284 1185 383 1249 quam
395 1185 469 1227 cum
482 1165 598 1228 ceteris
609 1166 829 1249 grammaticis
840 1164 931 1228 nullo
943 1175 1040 1252 pacto
1053 1165 1204 1230 cohaeret
1216 1186 1321 1250 neque
1336 1165 1421 1228 intra
1434 1158 1616 1248 ἐπικλήσεις

286 1267 489 1347 continetur,
528 1264 585 1329 sed
623 1266 665 1330 ad
696 1277 868 1354 poetarum
899 1267 1042 1353 epitheta
1071 1267 1251 1355 paullisper
1282 1267 1421 1331 aberrat.
1481 1265 1616 1330 Suidam

287 1377 397 1431 autem
421 1389 506 1453 quae
531 1369 712 1456 excipiunt,
743 1390 781 1432 ea
811 1369 919 1455 capita
950 1370 1046 1433 unius
1069 1380 1167 1455 atque
1191 1371 1362 1433 continuae
1385 1366 1618 1455 disquisitionis

288 1478 372 1551 sunt,
405 1491 502 1555 quam
527 1472 572 1535 ita
594 1472 728 1553 institui,
761 1480 798 1535 ut
816 1472 957 1558 primum
990 1470 1135 1557 singulos
1172 1482 1322 1536 auctores
1355 1470 1550 1557 dispungam
1584 1483 1616 1536 et

287 1592 492 1658 exsequerer,
516 1572 632 1637 deinde
656 1575 763 1637 omnia
785 1574 870 1636 inter
893 1594 927 1637 se
950 1594 1188 1661 componerem.
1240 1574 1358 1661 Itaque
1381 1576 1488 1661 capita
1510 1576 1615 1661 prima

283 1675 317 1736 in
348 1672 561 1738 describendo
594 1678 801 1762 acquiesunt,
832 1676 864 1738 in
893 1674 1136 1763 comprobando
1160 1686 1310 1742 versatur
1342 1677 1508 1759 ultimum,
1539 1700 1615 1741 nam

282 1774 363 1840 haec
389 1784 437 1839 est
460 1798 585 1841 summa
607 1779 685 1841 artis
699 1788 830 1842 nostrae
845 1776 900 1840 lex
915 1788 961 1852 ut,
983 1779 1173 1865 priusquam
1197 1777 1238 1842 ad
1259 1777 1517 1843 ratiocinandum
1540 1801 1615 1864 pro-

283 1876 488 1961 grediamur,
522 1879 614 1943 nulla
644 1880 795 1967 opinione
825 1878 961 1945 obducti
977 1890 1008 1944 et
1035 1880 1196 1945 obfuseati
1219 1902 1271 1944 res
1294 1882 1380 1968 ipsas
1402 1880 1511 1945 lucide
1540 1903 1614 1945 con-

284 1983 449 2067 spicamur
465 1990 497 2044 et
518 1981 621 2046 libere
637 1979 905 2066 contemplemur.
