3548 5580
857 467 1049 533 -4-

288 659 317 723 E
335 657 453 745 quibus
466 667 498 722 et
516 656 614 723 Ceres
633 653 764 744 Δηλιὰς,
790 659 815 722 si
836 680 948 725 veram
969 658 1000 724 J.
1013 658 1178 746 Toepfferi
1198 660 1415 726 coniecturam
1429 666 1618 752 comproba-

290 783 361 826 mus
384 763 438 844 (of.
459 761 601 826 Hermae
623 761 840 826 Berolinensis
861 763 927 830 vol.
949 763 1071 828 XXIII
1093 765 1166 845 327,
1191 764 1232 845 1),
1255 775 1287 828 et
1310 763 1407 830 Ceres
1428 758 1556 847 Ῥαριᾰς
1579 769 1621 834 ad

290 867 475 932 Atticorum
496 891 549 933 ros
571 891 679 933 sacras
701 892 759 934 nos
781 869 942 953 relegant:
965 867 1079 933 eodem
1099 869 1241 954 pertinet
1251 867 1400 933 Bacchus
1415 870 1622 956 Μελαναιγίς,

293 994 489 1060 quamquam
513 992 552 1036 ea
574 993 658 1057 quae
679 970 795 1047 Suidas
817 995 840 1037 s.
856 995 888 1038 v.
904 971 1123 1050 Μελαναιγίδα
1144 967 1302 1034 Διόνυσον
1318 982 1439 1053 narrat,
1461 973 1502 1037 ad
1524 975 1620 1040 Eleu·

291 1077 416 1140 therem
439 1075 599 1139 Boeotum
628 1075 833 1161 applicantur
867 1073 920 1154 (cf.
943 1071 1021 1138 Suid
1054 1097 1077 1138 s.
1099 1097 1130 1140 v.
1153 1067 1374 1156 Ἀπατούρια).
1424 1074 1497 1140 Hae
1522 1079 1620 1162 igitur

291 1180 420 1266 glossae
442 1199 552 1242 carum
570 1199 704 1241 numero
718 1175 950 1242 adscribendae
966 1186 1048 1260 sunt,
1071 1198 1151 1262 quas
1166 1168 1344 1262 permultas
1359 1176 1475 1242 Suidas
1491 1191 1620 1266 praeter

291 1284 443 1348 Photium
466 1303 482 1345 e
504 1279 669 1366 glossariis
692 1281 905 1344 atticistarum
925 1279 979 1343 vel
1001 1279 1168 1344 rhetoricis
1184 1277 1289 1344 adhuc
1310 1281 1428 1365 ignotis
1444 1279 1621 1371 descripsit.

294 1386 416 1452 Contra
432 1383 609 1448 Herculem
630 1380 793 1469 Βουζήγην
813 1381 900 1447 unde
911 1381 1027 1447 Suidas
1051 1383 1231 1470 sumpserit,
1253 1405 1387 1470 prorsus
1408 1387 1525 1468 nescio,
1546 1410 1622 1451 nam

294 1513 359 1555 non
380 1511 495 1554 verum
518 1498 574 1566 ost,
605 1486 693 1574 quod
714 1486 745 1553 J.
769 1487 922 1574 Toepffer
949 1487 1117 1572 nuperime
1140 1486 1286 1562 coniecit,
1314 1485 1397 1551 hano
1418 1487 1560 1572 glossam
1582 1511 1623 1554 ex

294 1586 491 1674 ἕπικλήσεων
512 1591 638 1678 sylloge
660 1592 768 1656 nescio
792 1613 857 1677 qua
871 1590 1006 1677 petitam
1022 1610 1091 1653 esse
1107 1588 1268 1672 (Attische
1280 1587 1488 1674 Genealogie,
1511 1614 1542 1677 p.
1553 1592 1623 1670 146,

295 1694 367 1760 adn.
379 1696 431 1778 4);
454 1716 492 1759 eo
515 1695 599 1758 enim
620 1695 654 1757 in
674 1692 855 1780 libro,'quo
878 1695 911 1757 in
925 1688 1121 1777 ἐπικλήσεσι
1136 1691 1253 1777 glossis
1269 1690 1475 1756 conficiendis
1490 1691 1624 1760 Suidam

295 1821 390 1862 usum
411 1820 480 1861 esse
501 1796 585 1861 infra
607 1796 900 1882 comprobabimus,
915 1795 1067 1861 Herculis
1089 1796 1208 1860 mentio
1232 1795 1359 1858 omnino
1381 1794 1469 1860 facta
1486 1809 1624 1865 nonest

295 1901 420 1966 Tamen
440 1901 521 1964 haec
542 1922 608 1964 una
629 1898 738 1984 glossa
759 1899 838 1963 nihil
861 1897 903 1963 ad
924 1921 1002 1965 rem.

423 2086 515 2152 Haec
534 2086 688 2152 lemmata
712 2087 818 2150 omnia
840 2088 866 2151 si
890 2085 1076 2174 dempseris,
1097 2097 1206 2151 tamen
1225 2086 1371 2172 reliquae
1387 2097 1482 2152 erunt
1502 2089 1625 2155 multae

295 2193 329 2256 in
340 2190 440 2256 Suida
461 2189 599 2275 glossae,
621 2211 705 2276 quae
728 2187 769 2253 ad
791 2188 926 2254 deorum
948 2183 1130 2271 ἐπικλήσεις
1152 2198 1207 2253 aut
1233 2187 1275 2253 ad
1298 2189 1440 2276 epitheta
1460 2189 1625 2257 homerica

295 2295 467 2382 pertinent,
491 2315 527 2357 eo
550 2293 690 2378 insignes
705 2291 773 2356 fere
789 2314 909 2373 omnes,
932 2291 1018 2378 quod
1039 2300 1169 2378 praeter
1192 2293 1322 2356 nomina
1342 2290 1477 2357 deorum
1498 2288 1626 2375 ἐπικλή-

297 2411 370 2461 σεσι
397 2397 476 2461 nihil
508 2393 647 2460 additur.
699 2393 789 2475 Quas
812 2393 928 2459 Suidas
959 2396 1129 2481 exscripsit
1155 2416 1196 2459 ex
1225 2396 1377 2481 anonymi
1397 2394 1626 2463 Laurrentiani

242 2528 246 2535 ¹
298 2499 447 2585 catalogo
478 2499 704 2584 cognominum
734 2497 870 2562 deorum
898 2496 1079 2576 duodecim,
1108 2518 1204 2583 quem
1227 2496 1480 2564 Studemundius
1500 2498 1625 2586 publici

296 2603 374 2666 iuris
399 2601 476 2666 fecit
505 2598 643 2684 (Anecd.
665 2624 734 2666 var.
754 2623 861 2684 graec.
884 2600 917 2665 'et
935 2600 989 2664 lat.
1012 2599 1030 2664 I
1051 2600 1114 2666 265
1135 2602 1199 2682 ss).
1242 2599 1401 2687 Inspicias
1421 2603 1505 2666 enim
1526 2601 1626 2667 velim

296 2704 380 2769 hano
400 2704 556 2787 tabulam,
577 2726 675 2790 quam
687 2705 732 2768 ita
745 2703 878 2786 confeci,
901 2714 937 2767 ut
959 2703 1075 2787 glossis
1086 2701 1206 2767 Suidae
1227 2704 1370 2787 int-egris,
1392 2704 1449 2768 ubi
1467 2714 1626 2790 poteram,

297 2829 448 2871 numeros
478 2806 693 2892 epithetorum
721 2804 1013 2871 Studemundianos
1040 2826 1254 2892 apponerem3
1289 2816 1386 2892 atque
1415 2828 1489 2870 cum
1511 2805 1625 2872 Stude·

297 2908 448 2975 mundius
468 2910 502 2973 in
525 2907 649 2973 edendo
671 2908 784 2974 libello
805 2911 867 2973 isto
889 2919 1019 2996 praeter
1042 2907 1186 2973 codicem
1207 2907 1461 2973 Laurentianum
1483 2908 1564 2973 LIX
1585 2910 1624 2972 16

297 3015 331 3078 in
358 3011 451 3078 Jovis
479 3012 723 3096 cognominibus
756 3011 876 3076 librum
901 3008 1210 3099 AmbrosianumC
1232 3012 1295 3076 222
1324 3011 1380 3076 inf.
1410 3009 1480 3077 ord.
1514 3010 1623 3099 paullo

298 3117 505 3202 integriorem
527 3113 720 3197 adhibuerit,
750 3136 861 3178 eorum
885 3113 1110 3201 epithetorum,
1140 3136 1224 3200 quae
1254 3114 1323 3180 solo
1354 3117 1386 3178 in
1409 3112 1624 3179 Ambrosiano

300 3228 420 3302 extant,
441 3239 592 3283 numeros
614 3218 705 3282 uncis
728 3215 894 3304 quadratis
916 3216 1042 3283 inclusi.

736 3404 870 3472 Suidas
1401 3422 1465 3488 An,
1485 3422 1594 3489 Lm,

298 3516 460 3610 Ἀιελαίι·
483 3519 503 3609 i
527 3517 652 3610 Ἀθηνᾶ
1370 3539 1455 3605 vlu
1481 3543 1497 3605 1

296 3624 546 3713 Ἀγιυλαμήτης·
565 3629 616 3691 καὶ
639 3621 852 3713 ἀγκαλαμήιαι
874 3626 907 3691 οἱ
926 3623 1144 3710 σκολιόβουλοι
1433 3642 1451 3707 1
1476 3645 1492 3708 1

299 3727 535 3814 :rynolaeaw
559 3724 743 3815 ἡἍιτεμα
1371 3745 1439 3810 x11
1470 3749 1486 3810 1

299 3831 469 3914 Αἰγίοχος·
495 3828 513 3896 ὁ
536 3831 620 3903 Ζεύς
1427 3846 1445 3911 1
1468 3850 1508 3914 10

299 3934 486 4020 Aborae
1313 3990 1316 3995 -
1371 3950 1462 4015 deest

299 4030 485 4125 Ἀκάκηιας·
506 4032 662 4121 ὄἜρμής
1370 4051 1437 4117 VII
1461 4056 1476 4117 1

291 4135 432 4207 Ἄλειαν·
466 4135 503 4204 τὸ
530 4141 586 4204 τοῦ
613 4134 727 4202 Ἡλίου
760 4131 849 4219 ἱερὸν
876 4136 955 4202 κατὰ
979 4133 1129 4209 Ῥοδίους
1172 4139 1320 4225 σημαίνει

454 4236 550 4326 ὕδωρ.
572 4243 624 4306 καὶ

382 4341 524 4416 Ἄλειας·
544 4338 561 4408 ὃ
580 4341 662 4417 Ζεύς
1371 4343 1434 4428 [14]

297 4445 521 4534 Ἀμφιγυήεις·
544 4442 759 4532 ὅἭφαιστος
1339 4448 1342 4513 l
1371 4444 1420 4510 VI
1444 4449 1460 4511 1

296 4548 445 4616 Ἄνθεια·
468 4547 626 4614 ἐπίθετον
641 4539 752 4632 Ἤρας
1339 4538 1342 4623 l
1371 4549 1421 4612 lx
1447 4553 1463 4615 l

236 4640 239 4646 ⁴
299 4644 644 4738 Ἀργεία·Ἥρα·ήή
666 4654 731 4716 τῶν
745 4651 893 4733 Ἀργείων
914 4654 952 4738 γή
1339 4652 1466 4745 ῙΙΧ2

301 4751 545 4842 Ἀργειφόντης
569 4749 729 4840 ὁἝρμής
1339 4770 1342 4827 Ι
1370 4755 1478 4820 vlla
