3548 5580
836 504 1167 597 η’,

301 713 448 784 Πύθιον·
472 711 561 802 ἱερὸν
574 713 779 792 Ἀπόλλιυυος
799 712 976 807 Ἀθήνησιν
1000 711 1066 784 ἀπὸ
1085 714 1320 804 Πεισιστράτω

452 817 597 902 γεγονός,
629 819 675 894 εἰς
704 817 724 886 ἀ
752 814 824 894 roris
851 825 1007 907 τρίποδας
1037 819 1189 887 ἐτίθεσαν
1217 822 1247 887 οἱ
1274 823 1319 910 τῷ

452 924 567 1011 κυκλίῳ
589 927 675 1011 χορῷ
697 925 880 1012 νικήσαντες
900 919 942 990 τὸ
965 922 1134 1012 Θαργήλια.
1155 925 1208 990 καί

385 1024 527 1099 Πύθιος·
553 1021 759 1094 δἈπόλλιον

299 1128 552 1219 Παγυνήήήτής·
575 1123 593 1196 ὅ
614 1125 697 1202 Ζεύς

300 1233 420 1303 Σῶκος·
444 1228 606 1319 ἀἛρμής

303 1338 440 1420 Φοῖβυς’
465 1328 677 1402 tiarati-toa

304 1441 437 1522 Φοῖβος·
464 1435 624 1523 καθαρὸς·
654 1433 751 1521 drale
772 1432 793 1527 ή
814 1438 941 1523 μάντις·
964 1439 1016 1504 καί
1037 1431 1201 1521 ἀμίαντος·
1222 1439 1274 1504 καί
1301 1435 1321 1503 ἀ

451 1533 627 1611 Ἀπόλλων.

428 1748 573 1814 Primum
594 1751 740 1837 sequitur
760 1749 893 1816 Suidam
907 1744 1104 1833 ἒιιικλήσειον
1123 1760 1257 1816 auctore
1269 1747 1427 1837 peculiari
1440 1768 1535 1814 usum
1550 1769 1631 1815 esse.

301 1850 387 1917 Nam
409 1874 465 1917 eae
488 1853 624 1937 glossae,
655 1876 792 1940 quarum
821 1854 974 1919 lemmata
996 1853 1038 1918 ad
1061 1853 1195 1918 deorum
1217 1853 1360 1940 epitheta
1380 1853 1543 1940 pertinere
1564 1873 1631 1917 non

301 1953 463 2037 videntur,
487 1954 622 2022 dubium
644 1979 709 2021 non
734 1966 791 2038 est,
806 1954 898 2042 'quin
928 1958 973 2021 ita
1001 1958 1064 2021 sint
1090 1958 1297 2043 compositae,
1326 1965 1363 2021 ut
1384 1955 1468 2026 duae
1489 1957 1574 2019 inter
1596 1977 1631 2020 se

301 2056 400 2144 plane
419 2056 566 2124 diversae
588 2058 716 2143 glossae
746 2057 789 2123 ad
815 2081 913 2123 unam
940 2060 1139 2124 notationem
1169 2057 1411 2141 adscribantur,
1442 2058 1481 2123 of.
1503 2057 1630 2144 glossas

300 2153 523 2247 ἀγκυλομήτης,
545 2155 663 2239 ἀλειου,
687 2151 823 2242 Ἀργεία,
848 2165 1050 2242 μυχαίτατον,
1080 2153 1196 2243 ὅρκιος,
1218 2160 1327 2234 πολιά,
1349 2163 1382 2225 in
1405 2161 1523 2247 quibus
1545 2182 1631 2247 quae

299 2274 431 2351 praeter
459 2259 641 2347 ἐπικλήσεις
668 2262 836 2345 accedunt,
869 2287 889 2329 a
918 2263 967 2328 dis
997 2267 1125 2329 omnino
1156 2264 1340 2328 abhorrent.
1385 2262 1474 2344 Quas
1503 2264 1630 2348 glossas

300 2367 384 2429 inter
406 2388 440 2430 se
462 2365 690 2430 dissimillimas
712 2365 829 2438 Suidas
851 2367 1020 2453 particulis
1042 2367 1094 2431 καί
1115 2366 1168 2431 vel
1191 2356 1211 2452 ή
1234 2365 1477 2452 conglutinavit,
1506 2388 1630 2430 morem

301 2477 430 2532 secutus
462 2468 726 2554 Byzantinorum,
759 2491 855 2555 quem
888 2470 921 2532 in
951 2468 1116 2557 Hesychia
1149 2479 1238 2533 recte
1270 2470 1457 2534 observavit
1482 2468 1630 2533 Reitzen-

301 2572 433 2636 steinius
447 2571 543 2651 (Mus.
554 2570 614 2635 Rh.
627 2571 691 2635 vol.
704 2571 820 2636 XLIII
832 2571 919 2651 453).
963 2572 1028 2636 Res
1051 2583 1159 2636 autem
1182 2571 1400 2656 confirmatur,
1416 2572 1472 2636 ubi
1487 2573 1630 2658 primum

301 2671 420 2738 Suidae
443 2674 629 2739 auctoribus
651 2675 812 2759 indagatis
833 2673 1040 2756 ostendimus,
1069 2675 1210 2762 epitheta
1232 2673 1366 2739 deorum
1388 2673 1475 2738 illius
1494 2676 1631 2761 propria

302 2796 380 2840 esse.
435 2775 486 2841 Ac
519 2801 543 2842 s.
568 2801 599 2841 v.
626 2780 796 2861 Ζήρυνθία
828 2779 935 2841 omnia
969 2799 1003 2840 se
1032 2778 1222 2863 repetivisse
1253 2787 1384 2863 praeter
1417 2771 1582 2862 ἐπίκλησιν
1613 2800 1631 2842 e

302 2878 409 2965 glossa
430 2903 454 2946 s.
474 2903 505 2944 v.
527 2875 627 2944 ἀλλἐἴ
642 2901 690 2950 τις
710 2882 780 2967 ipse
803 2889 950 2960 testatam,
972 2902 1070 2965 quam
1095 2901 1163 2943 esse
1185 2879 1330 2944 scholion
1354 2878 1452 2944 Arist.
1474 2878 1551 2945 Pac.
1566 2881 1629 2945 277

302 2981 441 3045 editores
463 2981 586 3047 dudum
609 2982 933 3050 animadverterunt2,
944 3004 1008 3068 quo
1024 2982 1065 3046 ab
1082 2980 1203 3046 scholio
1217 2981 1329 3046 Venus
1343 2984 1514 3064 Ζήρυνθία
1529 2983 1630 3047 abest

301 3083 439 3149 Glossae
461 3106 540 3150 vero
563 3110 587 3150 s.
608 3108 638 3150 v.
661 3081 817 3170 Κωλώτης
840 3085 943 3149 verba
964 3085 1070 3171 prima
1092 3081 1266 3168 (καλώτής
1289 3079 1525 3168 ἀσκαλαβώτης)
1548 3085 1629 3150 Pho·

300 3188 336 3250 tii
365 3198 448 3270 sunt,
476 3197 551 3274 post
579 3189 736 3255 Babrium
766 3189 921 3275 excerpit,
955 3189 1010 3274 qui
1041 3186 1082 3251 de
1103 3186 1234 3251 Baccho
1262 3209 1327 3251 non
1354 3189 1457 3272 magis
1485 3185 1632 3273 loquitur

302 3312 399 3376 quam
432 3289 583 3374 Photius3
616 3291 766 3357 Bacchus
797 3292 881 3355 enim
912 3289 1001 3377 apud
1030 3299 1182 3354 neutrum
1212 3291 1362 3354 occurrit.
1424 3290 1530 3353 Etiam
1553 3313 1578 3356 s.
1599 3314 1630 3359 v·

301 3393 401 3466 ξένιος
428 3394 531 3458 verba
559 3387 579 3456 ἀ
606 3392 662 3479 τής
688 3392 790 3467 ξενίας
818 3388 937 3476 ἔφορος
966 3414 984 3456 e
1013 3392 1129 3456 Photio
1160 3402 1288 3478 sumpta
1317 3401 1405 3468 sunt,
1436 3393 1488 3455 eui
1516 3392 1632 3458 ultima

302 3493 434 3575 (λέγεται
455 3497 507 3559 καί
528 3494 626 3568 ξένιος
648 3487 666 3558 ἀ
688 3496 783 3578 Ζεύς)
814 3496 945 3577 ἀσιτίαις
975 3496 1052 3559 item
1082 3493 1199 3560 Suidas
1229 3518 1253 3558 s.
1274 3517 1305 3558 v.
1328 3492 1460 3557 Πύθιον
1490 3497 1628 3581 primum

301 3596 453 3662 Photium
476 3597 634 3685 expilavit
656 3599 773 3685 (usque
785 3598 826 3663 ad
838 3598 941 3662 verba
958 3594 998 3661 τὰ
1017 3595 1205 3680 Θαργήλια);
1229 3619 1313 3684 quae
1336 3606 1443 3660 autem
1465 3608 1627 3682 postremo

301 3699 417 3765 Suidas
439 3699 529 3764 addit
550 3700 615 3782 (καί
631 3695 758 3769 Πύθιος
775 3693 993 3783 laudatas),
1017 3722 1055 3764 ea
1071 3700 1192 3764 frustra
1214 3698 1302 3787 apud
1317 3697 1469 3762 Photium
1486 3720 1629 3786 quaeres.

301 3803 476 3868 Praeterea
499 3826 523 3868 s.
547 3826 577 3867 v.
602 3795 818 3887 ἀγκυλομήται
850 3802 930 3867 duas
958 3801 1083 3887 glossas
1116 3804 1321 3884 secernimus,
1356 3823 1493 3886 quarum
1529 3803 1632 3867 altera

302 3905 366 3986 (καί
388 3899 616 3991 ἀγκυλομήται·
646 3902 678 3968 οἱ
700 3901 947 3988 σκολιόβουλοι),
978 3903 1020 3969 ad
1053 3905 1191 3969 verbum
1220 3902 1305 3968 redit
1334 3904 1367 3966 in
1396 3904 1501 3968 lexico
1531 3906 1633 3971 Baeh-

302 4009 431 4072 mannio
454 4009 498 4094 (p.
510 4007 581 4091 329,
600 4007 768 4090 3Bekk.);
790 4030 874 4095 quae
889 4009 915 4072 si
927 4007 1057 4072 sublata
1078 4017 1135 4090 est,
1147 4016 1249 4071 restat
1269 4006 1388 4070 lemma
1406 3998 1634 4092 ἀγκυλομήτης,

301 4109 394 4176 Jovis
423 4110 597 4197 epitheton,
625 4109 745 4175 Suidae
771 4112 957 4197 proprium3
988 4121 1020 4174 et
1041 4132 1067 4174 s.
1088 4132 1119 4174 v.
1144 4104 1280 4193 ξεινήϊον
1302 4107 1386 4172 duae
1407 4107 1536 4193 glossae
1558 4132 1632 4175 con-

301 4215 489 4299 iunguntur,
526 4210 630 4277 altera
660 4206 824 4296 (ξεινήϊον)
856 4211 976 4277 Suidae
1009 4222 1041 4276 et
1069 4209 1234 4296 Hesychio
1264 4206 1415 4294 (ξενήϊον)
1446 4214 1635 4294 communis,

303 4314 406 4381 altera
440 4314 559 4381 Suidae
592 4317 742 4403 propria,
777 4338 817 4378 ex
858 4336 1019 4402 anonymo
1052 4313 1201 4400 repetita.
1260 4311 1306 4376 At
1340 4311 1458 4377 Jovem
1491 4307 1635 4398 Κτήσιον

301 4441 408 4483 nonne
432 4419 538 4505 potuit
560 4440 687 4482 sumere
718 4439 736 4482 e
766 4417 875 4502 glossa
896 4417 1046 4504 proxima
1075 4439 1099 4481 s.
1121 4437 1151 4480 v.
1173 4415 1318 4499 Κτησίου
1338 4408 1436 4492 Διός,
1471 4436 1554 4501 quae
1586 4429 1635 4481 est

304 4520 595 4608 Harpocrationis?
639 4520 759 4602 Potuit,
786 4543 851 4585 non
882 4520 1027 4606 sumpsit.
1070 4517 1155 4582 Nam
1185 4518 1244 4580 etsi
1268 4527 1338 4581 erat
1361 4516 1480 4582 Suidae
1501 4518 1534 4580 in
1556 4517 1634 4584 deli·

304 4626 369 4707 ciis,
401 4621 537 4687 eandem
558 4622 700 4708 glossam
730 4621 866 4687 diversis
895 4622 975 4688 locis
1004 4631 1153 4707 repetere
1177 4655 1215 4665 -
1239 4629 1275 4683 ut
1296 4617 1379 4683 hanc
1403 4642 1532 4706 quoque
1554 4645 1579 4687 s.
1602 4646 1634 4690 v.

303 4719 384 4799 Ζεάς
419 4721 555 4811 Κτήσιος
587 4726 704 4789 iterum
736 4727 845 4810 posuit
875 4761 928 4806 -,
962 4734 1069 4788 tamen
1101 4743 1199 4808 quam
1231 4722 1466 4807 ineptissimum
1500 4736 1570 4789 crat
1604 4738 1636 4792 et

304 4851 438 4917 prorsus
470 4828 583 4892 inutile
613 4838 686 4891 ante
716 4826 806 4891 illam
834 4825 1102 4916 Harpocrationis
1131 4823 1273 4910 glossam
1303 4822 1440 4890 alteram
1464 4824 1637 4911 collocare,
