3548 5580
697 514 910 582 ...65-

361 701 544 758 aPhaedrae
563 719 657 757 amore
684 706 826 773 sumptum
843 701 1001 757 Pausanias
1028 699 1123 766 hahet,
1154 700 1203 771 qui
1233 699 1314 755 addit
1341 697 1488 768 ίπίκλησινε

358 791 388 844 Π
408 791 475 855 323
489 830 495 842 .
510 830 516 842 .
530 830 558 842 ..
582 793 631 842 aul
648 784 717 855 ναός
734 788 798 867 ὑπὲρ
818 787 913 844 αὐτοῦ
928 783 1100 866 Ἀφροδίτης
1118 789 1335 853 Κατασκοπίας·
1366 787 1491 843 αὐτόθεν

358 874 418 951 γάρ,
452 874 536 932 ὁπότε
564 873 776 946 γυμνάζοιτοό
805 873 976 942 Ἱππόλυτος,
1007 874 1152 941 ἀπέβλεπεν
1185 875 1208 940 ἐς
1238 868 1329 929 αὐτόν
1355 876 1444 951 ἐρῶσα
1473 876 1492 942 ἡ

362 958 485 1040 Φαίδρα.
526 964 628 1032 Itaque
647 963 677 1015 hi
696 980 809 1032 quoque
827 964 883 1017 loci
901 965 937 1017 iis
956 969 1022 1033 apte
1039 963 1173 1016 videntur
1191 962 1258 1016 addi
1277 979 1368 1032 posse,
1388 963 1491 1032 quibus

360 1051 521 1104 Pausaniae
540 1056 569 1104 et
581 1049 707 1103 Theonis
727 1066 880 1103 consensus
893 1050 1026 1105 efficitur.
1063 1049 1170 1114 Quodsi
1184 1055 1260 1103 stare
1272 1055 1399 1119 possunt
1419 1066 1491 1120 quae
1585 1050 1589 1055 '

362 1136 396 1191 dc
415 1137 532 1191 Theone
550 1136 674 1205 exposui,
695 1136 823 1205 sequitur
841 1136 918 1190 illam
937 1139 1095 1207 scripturae
1127 1136 1348 1205 discrepantiam
1378 1138 1491 1214 (Ζηρυν-

359 1221 429 1278 θίαν
447 1229 476 1278 et
499 1223 683 1300 Τροιζηνίαν)
703 1221 818 1277 Theone
837 1223 1026 1294 antiquiorem
1047 1240 1108 1278 esse
1128 1222 1336 1292 Theonemque,
1359 1239 1421 1274 cum
1435 1222 1491 1276 edi-

359 1311 464 1364 tionem
484 1326 563 1362 suam
582 1313 768 1378 compararet,
787 1315 936 1380 utramque
952 1310 1102 1365 lectionem
1120 1309 1315 1379 explicavisse.

155 1415 216 1466 cap.
239 1396 297 1451 VII
314 1416 341 1467 p.
361 1397 403 1449 19.
438 1396 479 1449 Iis
499 1396 576 1460 locis,
595 1396 624 1448 in
646 1393 749 1464 quihus
762 1395 925 1466 Hesychius
946 1414 1009 1449 cum
1021 1397 1166 1450 Pausania
1188 1394 1341 1464 conspirat
1360 1393 1491 1449 adnume-

362 1482 452 1536 randa
466 1488 509 1536 est
523 1482 607 1537 Ocres
626 1484 743 1547 Μυσία,’
754 1498 838 1553 quam
851 1483 1014 1552 Hesychius
1026 1482 1207 1537 librariorum
1221 1482 1305 1551 culpa
1316 1498 1392 1534 nunc
1404 1481 1493 1536 hahet

284 1604 287 1609 -
364 1586 385 1622 s.
398 1587 424 1621 v.
440 1567 639 1639 Ἀμφιμυσίων
652 1570 700 1637 (cf.
714 1586 775 1639 cap.
793 1570 824 1623 II
836 1589 863 1640 p.
882 1571 934 1638 13),
952 1570 1111 1623 Pausanias
1130 1568 1229 1623 fabula
1242 1568 1366 1638 explicat
1376 1568 1457 1636 1118,
1467 1569 1492 1622 2.

363 1655 435 1710 VIII
454 1656 495 1720 27,
514 1657 530 1709 9
549 1655 597 1724 (of.
617 1673 679 1726 cap.
695 1657 738 1711 VI
756 1675 783 1727 p.
802 1657 855 1725 15).

160 1760 222 1813 cap.
241 1742 299 1797 VII
315 1761 343 1812 p.
361 1742 403 1794 21.
440 1742 603 1812 Hesychius
626 1741 714 1797 hahet
733 1743 833 1798 Jovem
856 1743 1010 1821 Κεραύνιον
1031 1741 1177 1798 Seleuciae
1199 1740 1317 1804 cultum,
1334 1740 1493 1794 Pausanias

363 1828 463 1882 Jovem
489 1826 642 1905 Κεραύνιον
669 1829 800 1884 Eleorum
822 1829 849 1883 V
868 1829 908 1893 14,
933 1830 958 1882 7.
1004 1828 1083 1893 Quae
1113 1827 1306 1896 discrepantia
1332 1831 1365 1880 ut
1390 1843 1442 1896 per
1463 1843 1493 1882 se

362 1915 441 1968 nulla
462 1920 511 1979 est,
531 1916 572 1968 ita
591 1914 657 1968 inde
677 1915 841 1984 explicatur,
870 1916 946 1986 quod
968 1916 1061 1969 αίτιον
1080 1931 1097 1967 a
1114 1913 1259 1966 Pausania
1276 1917 1423 1966 narratum
1442 1913 1493 1984 (τῷ

361 1996 389 2056 δὲ
407 2001 552 2077 Κεραυνίῳ
573 2001 624 2054 Διὶ
644 1990 763 2078 ὕστερον
781 2000 954 2068 ἐποιήσαντο,
985 2002 1046 2072 ἐμοὶ
1076 1996 1172 2064 δοκεῖν,
1204 1997 1306 2072 βωμόν,
1336 1990 1379 2052 ὅτ’
1398 1998 1422 2064 ἐς
1439 2005 1494 2053 τοῦ

365 2084 509 2157 Οἰνομάου
535 2079 587 2151 τήν
614 2088 706 2141 οἰκίαν
733 2092 905 2157 κατέσκηψεν
923 2088 939 2142 ὁ
958 2085 1109 2165 κεραυνός),
1141 2092 1283 2156 sumptum
1310 2090 1354 2140 est
1377 2103 1392 2139 e
1413 2084 1494 2140 fonte

362 2174 549 2243 periegetico,
580 2173 725 2227 Pausania
756 2174 879 2229 fortasse
909 2176 973 2244 ipso
1005 2174 1203 2228 ratiocinante.
1257 2172 1393 2228 Oenomai
1421 2172 1495 2225 enim

364 2258 464 2312 fabula
484 2260 514 2311 in
539 2260 725 2329 inscriptione
749 2262 878 2331 exposita
903 2266 976 2326 erat,
1008 2278 1080 2331 quae
1107 2261 1198 2313 incisa
1228 2259 1284 2312 fuit
1306 2261 1336 2313 in
1358 2259 1494 2314 Oenomai

365 2361 438 2414 quae
457 2345 563 2398 dicitur
582 2346 723 2400 columna:
753 2350 927 2418 epigramma
949 2349 1048 2418 ipsum,
1076 2364 1132 2417 quo
1155 2346 1267 2400 domum
1286 2345 1423 2400 Oenomai
1441 2345 1494 2398 ful-

363 2432 437 2485 mine
455 2437 662 2486 concrematam
684 2450 745 2488 esse
763 2434 892 2499 refertur,
911 2435 1069 2488 Pausanias
1087 2433 1133 2487 vel
1150 2433 1297 2503 periegeta
1315 2433 1376 2485 eius
1394 2437 1495 2486 auctor

363 2519 487 2571 servavit
505 2518 532 2572 V
550 2519 590 2582 20,
609 2525 626 2578 6
644 2537 665 2573 s.

158 2619 220 2672 cap.
239 2603 296 2658 VII
315 2623 342 2674 p.
361 2609 404 2662 24.
440 2604 535 2659 Simile
554 2606 709 2675 exemplum
728 2601 886 2671 ἐπικλήσεως
908 2605 1070 2660 Laconicae
1087 2605 1133 2659 bis
1154 2622 1187 2659 ex
1206 2603 1303 2659 eodem
1321 2603 1401 2658 fonte
1413 2621 1492 2674 repe-

364 2691 435 2744 titae
453 2692 483 2743 in
496 2691 642 2760 Hesychio
660 2699 704 2747 est
716 2692 846 2746 Bacchus
857 2689 989 2767 Ἑρίφιος,
1009 2709 1091 2762 quem
1104 2691 1266 2761 Hesychius
1278 2689 1368 2744 habet
1381 2690 1493 2745 duobus

365 2775 442 2841 locis,
470 2794 491 2830 s.
513 2795 538 2830 v.
557 2777 722 2855 είραφιοίτης
740 2783 807 2831 ets.
826 2795 852 2830 v.
872 2777 1006 2854 Ἑρίφιος.
1051 2777 1114 2842 Qua
1139 2778 1291 2831 iteratione
1317 2776 1392 2830 idem
1420 2794 1493 2831 com·

364 2862 509 2930 probatur,
533 2863 610 2933 quod
629 2862 664 2918 de
676 2864 779 2934 glossis
791 2862 945 2917 Laconicis
957 2864 986 2914 in
1000 2862 1094 2916 Diana
1108 2862 1262 2932 Caryatide
1274 2862 1353 2916 nisus
1366 2864 1492 2933 exposui.

160 2963 221 3016 cap.
243 2947 300 3001 VII
319 2966 346 3018 p.
364 2948 407 3002 34.
451 2949 484 3002 In
508 2949 595 3003 schol.
618 2949 700 3002 Pind.
719 2950 805 3019 Pyth.
825 2949 868 3003 IV
885 2949 937 3002 246
955 2949 1029 3019 lege:
1060 2952 1134 3018 paci
1161 2950 1242 3018 (φησὶ
1259 2949 1357 3019 vulgo)
1388 2945 1416 3003 δὲ
1443 2951 1493 3003 καὶ

364 3031 461 3104 ἀγῶνα
481 3030 661 3089 διατίθεσθαι
678 3040 718 3107 τῷ
737 3036 861 3112 Πετραίιρ
880 3029 1038 3089 Ποσειδῶνι.

159 3137 222 3189 cap.
240 3120 298 3174 VH
316 3138 343 3190 p.
360 3122 402 3174 38.
439 3121 573 3176 Socratus
592 3120 666 3175 Cous
684 3125 917 3175 commemoratur
935 3122 965 3173 in
983 3120 1070 3174 schol.
1089 3119 1143 3189 Ap.
1162 3119 1215 3173 Rh.
1233 3121 1248 3174 I
1266 3120 1326 3173 966.

161 3223 222 3276 cap.
241 3206 298 3260 VII
318 3224 345 3276 p.
364 3208 407 3261 40.
443 3208 577 3263 Scholion
595 3207 741 3277 Apollonii
759 3213 802 3261 est
819 3206 996 3276 adscriptum
1016 3205 1052 3260 ad
1071 3224 1096 3260 v.
1114 3207 1129 3260 1
1150 3207 1209 3272 187,
1228 3211 1314 3276 pals,
1333 3207 1375 3259 11.
