3548 5580
799 564 986 639 ..ςι..Ι

488 763 623 829 Photius
1150 763 1334 852 Hesychius

224 855 589 947 ΚαραιόςἝσύςὲν
621 864 783 948 Θεσσαλίᾳ
815 864 867 926 καὶ
920 863 1220 946 &perdeletis
1263 863 1355 949 παρά
1401 870 1557 937 Βοιωτοῖς

435 971 581 1052 Βοιωτίᾳ.
1136 962 1219 1032 οὕτω
1228 967 1500 1050 προςαγορεύεται.
1516 963 1557 1039 οἷς

1133 1077 1192 1150 μέν
1238 1077 1320 1142 τινές
1364 1090 1463 1153 φασιν
1504 1065 1557 1135 διὰ

1135 1166 1172 1236 τὸ
1200 1168 1326 1258 ὑψηλὸς
1359 1167 1455 1254 εἶναι,
1490 1167 1555 1237 ἀπὸ

1134 1273 1191 1337 τοῦ
1211 1273 1301 1359 κάρα.

221 1385 256 1446 Κ
264 1376 286 1443 ν’
292 1395 447 1448 ννειος·
463 1368 865 1464 ἈπόλλωνἈθήνησινοῧ-
920 1374 1136 1447 Κύννειος·
1159 1369 1373 1449 ’Λπόλλωνος
1394 1375 1555 1444 ἐπίθετον.

459 1502 519 1550 τοις
529 1481 708 1561 λεγόμενος,
719 1475 758 1543 δν
773 1479 867 1562 ἱδρύ-

457 1574 867 1667 σατοΚύσνηςᾍπὸλλωνος

458 1686 510 1748 καὶ
530 1688 721 1769 Παρνηθίας
738 1685 866 1771 νύμφης

457 1788 523 1854 κτλ.
551 1799 730 1874 sequuntur
751 1787 864 1854 Socra-

458 1893 500 1955 tis
534 1901 566 1954 et
599 1889 740 1955 Cratetis
776 1894 865 1957 testi-

456 1995 573 2057 monia.
1507 2041 1510 2047 «

227 2092 421 2180 Ὁμολῷος·
440 2096 522 2165 Ζεύς
543 2091 577 2158 ἐν
602 2091 721 2178 Θήβαις
747 2097 799 2159 καὶ
830 2093 865 2160 ἐν
914 2090 1140 2177 Ὁμολώϊος
1162 2089 1272 2169 Ζεὺς.
1305 2096 1450 2182 Θήβησιν
1472 2091 1554 2161 οὕτω

442 2193 550 2266 ἄλλοις
573 2195 691 2260 πόλεσι
704 2197 864 2268 Βοιωτίας
1119 2197 1381 2282 προςαγορεὺσται
1403 2195 1421 2262 ὁ
1443 2198 1535 2270 Ζεύς.

442 2300 494 2361 καὶ
531 2293 577 2383 ld]
612 2295 647 2362 ἐν
685 2301 861 2384 Θεσσαλίᾳ·

443 2392 509 2464 ἀπὸ
523 2395 691 2486 Ὁμολῴας
705 2399 865 2487 προφήτι-

443 2505 497 2573 doe
507 2503 573 2570 κτλ.
583 2503 731 2575 adfertur
739 2504 862 2570 Aristo·

444 2605 567 2692 phanes
611 2607 864 2673 Boeotiacorum

443 2711 582 2795 scriptor
606 2719 636 2772 et
658 2709 752 2773 Ister.

223 2807 396 2894 Στράτιος·
418 2804 528 2894 Ἀρης
548 2811 600 2873 καὶ
623 2807 716 2882 Ζεύς.
737 2808 770 2893 (ἡ
792 2815 862 2878 dev·
915 2814 1087 2899 Στράτιον·
1122 2813 1313 2896 (πολεμικὸν
1338 2809 1358 2899 ἢ
1387 2814 1551 2900 φοβερόν).

427 2917 502 2992 τέρα
515 2912 654 2998 συλλάβῃ
662 2918 803 2995 βραχεῖα.
810 2918 863 2980 καὶ
1118 2918 1171 2980 καὶ
1190 2914 1344 2982 ἐπίθετον
1363 2918 1456 2989 Διός.

430 3012 579 3096 στράτιον
620 3012 658 3078 τὸ
691 3023 771 3097 μέγα
810 3020 863 3082 καὶ

429 3113 589 3202 σοβαρόν).
597 3119 624 3202 1)

220 3256 280 3265 —

348 3325 368 3388 1)
390 3321 509 3375 Praeter
526 3321 597 3375 baec
620 3321 751 3376 lemmata
770 3323 889 3377 Photius
915 3327 1028 3394 saepius
1047 3342 1109 3378 cum
1127 3325 1272 3394 Hcsycbio
1293 3325 1329 3379 ad
1351 3325 1468 3378 verbum
1488 3341 1551 3378 con·

218 3408 296 3473 cinit,
315 3409 358 3460 its
375 3413 476 3472 tamen,
499 3413 532 3460 ut
555 3407 626 3460 nihil
649 3408 724 3461 ultra
746 3408 820 3462 hunc
838 3412 985 3480 praebeat:
1017 3411 1053 3465 cf.
1073 3412 1140 3464 Hcs.
1159 3411 1242 3464 Phot.
1262 3430 1283 3465 s.
1301 3431 1327 3463 v.
1345 3412 1446 3488 Ἑρμῆς
1463 3411 1552 3484 Στρο-

218 3494 516 3570 φαῖοςῑΣτροφοιϊος
525 3494 635 3571 Ἑρμῆς,
648 3495 781 3559 Λικνίτης,
794 3488 1034 3576 ”Οδιος,’οργοὶνη.
1052 3497 1149 3550 Photii
1162 3504 1256 3550 autem
1264 3497 1381 3567 glossas.
1392 3514 1418 3548 v.
1428 3495 1552 3573 Ἑργοὶνη

219 3586 334 3650 sumpta
353 3585 396 3633 est
414 3597 448 3633 ex
465 3581 609 3635 Pausania
627 3583 761 3646 atticista
781 3583 817 3636 cf.
831 3584 960 3639 Eustath.
980 3602 1075 3639 comm.
1094 3586 1123 3636 in
1136 3583 1239 3652 Odyss.
1257 3589 1372 3652 p‚1437‚
1387 3583 1436 3649 483
1455 3583 1551 3636 eadem

219 3667 317 3720 Photii
337 3667 433 3737 glossa
455 3685 538 3737 quam
558 3669 676 3721 maxime
694 3669 802 3721 recedit
820 3671 857 3723 ab
876 3670 1028 3741 Hesychio,
1048 3672 1128 3741 quis
1148 3689 1173 3722 s.
1189 3669 1314 3746 Ἐργάνη
1334 3686 1449 3738 prorsus
1467 3686 1550 3738 pecu-

220 3753 303 3806 liaria
331 3753 432 3819 habet3
457 3753 493 3806 cf,
518 3771 604 3823 supra
622 3772 649 3823 p,
668 3755 692 3813 5.
738 3753 840 3809 Glossa
863 3759 970 3810 comica
993 3763 1036 3810 est
1057 3757 1124 3810 Hes.
1142 3755 1226 3808 Pbot.
1245 3773 1266 3808 s.
1286 3773 1312 3808 v.
1328 3756 1470 3831 Ἑταίρας,
1495 3762 1550 3808 tra-

220 3840 286 3909 gica
300 3839 368 3893 Hes.
381 3840 464 3893 Phot.
479 3858 499 3893 s.
513 3858 538 3893 v.
550 3840 692 3918 Σαρωνία.
728 3840 887 3895 Pausaniae
903 3849 996 3896 autem
1015 3844 1158 3896 atticistac
1176 3858 1243 3895 usus
1260 3859 1326 3893 num
1344 3842 1373 3893 in
1391 3840 1551 3906 ἐτικλήσεων

220 3925 323 3994 glossis
341 3926 416 3978 ultra
431 3924 570 4004 Ἑργοὶνον
588 3927 664 3996 apud
682 3926 816 3979 Photium
832 3934 931 3996 pateat
951 3928 1064 3995 dubit03
1082 3928 1222 3981 vindicari
1235 3933 1311 3981 certe
1324 3927 1482 3980 Pausaniae
1494 3945 1551 3981 non

220 4016 341 4079 possunt
358 4028 408 4064 eae
425 4013 544 4082 glossae,
563 4030 635 4083 quae
655 4014 758 4067 autad
778 4014 814 4067 ad
832 4013 976 4080 ἐπικλήσεις
996 4032 1053 4067 non
1071 4016 1174 4068 atticas
1191 4015 1335 4082 pertinent
1353 4019 1402 4066 aut
1420 4013 1550 4066 doctrina
1592 4028 1595 4043 ¹

222 4102 369 4150 auctorum
391 4096 568 4151 laudatorum
594 4100 721 4169 insignes
749 4107 827 4167 sunt3
858 4101 888 4152 id
912 4102 985 4153 enim
1005 4102 1096 4169 ipsum
1117 4101 1238 4153 Photius
1255 4100 1414 4153 Pausaniae
1441 4101 1550 4152 crimini

221 4185 307 4237 vertit
326 4183 406 4251 (bibl.
420 4184 481 4237 cod.
495 4188 564 4253 153),
583 4185 659 4255 quod
677 4187 707 4237 in
726 4186 913 4256 scriptoribus
925 4186 1075 4239 laudandis
1093 4185 1129 4239 ab
1143 4186 1224 4239 Aelio
1237 4185 1377 4255 Dionysio
1395 4193 1550 4255 superetur.

222 4270 352 4325 Ceterum
374 4271 453 4323 utin
471 4271 623 4341 Hesychio,
648 4273 690 4325 ita
712 4273 742 4325 in
760 4273 864 4327 Photio
885 4290 933 4326 eas
950 4273 1060 4343 glossas
1078 4290 1111 4325 ex
1130 4272 1322 4342 disputatione
1347 4273 1454 4336 sustuli,
1478 4290 1550 4343 quae

223 4362 271 4409 aut
290 4356 327 4409 ad
347 4355 455 4409 scholia
468 4357 669 4426 Aristophanis
681 4365 731 4412 aut
749 4359 785 4412 ad
799 4359 1053 4428 Harpocrationem
1069 4359 1245 4412 revocandae
1258 4365 1331 4412 sunt,
1368 4358 1444 4422 Quas
1457 4367 1550 4413 autem

221 4441 352 4512 proprias
370 4441 457 4495 babet
476 4442 595 4497 Photius
613 4441 763 4509 ἐπικλήσεις,
788 4462 837 4498 eae
855 4445 891 4498 ad
912 4446 1004 4498 locum
1024 4444 1145 4514 aliquem
1164 4446 1311 4513 scriptoris
1332 4450 1381 4498 aut
1401 4450 1503 4514 poetae
1522 4463 1551 4499 se
1651 4452 1654 4460 '

222 4535 351 4598 spectare
367 4529 447 4598 ipsae
464 4535 514 4582 aut
534 4529 647 4584 disertis
665 4530 759 4584 verbis
780 4536 829 4584 aut
846 4531 985 4584 lemmatis
1008 4530 1099 4583 forma
1119 4537 1271 4598 testantur;
1301 4533 1378 4585 velut
1396 4549 1417 4584 s,
1436 4549 1461 4583 v.
1480 4524 1550 4596 ’Ὕης

221 4616 317 4684 glossa
341 4615 426 4683 prior,
456 4616 552 4686 glossa
573 4635 595 4670 s.
615 4636 641 4669 v,
665 4614 771 4681 Φίλιος.
815 4616 921 4670 Contra
946 4616 1119 4670 emendando
1139 4634 1171 4670 cx
1196 4615 1355 4681 ἐπικλήσεσι
1376 4634 1490 4671 numero
1508 4635 1549 4671 re-

221 4701 359 4755 movenda
381 4707 425 4755 est
441 4703 537 4771 glossa
555 4720 576 4756 s.
595 4721 621 4757 v.
638 4701 769 4781 Κεκρότη.
805 4703 954 4756 Traditum
976 4709 1028 4757 est:
1059 4699 1196 4779 Κεκρόοη·
1212 4702 1328 4768 Ἀθήνη,
1354 4703 1497 4757 dubitavit
1515 4703 1549 4756 dc

222 4788 365 4858 scriptura
382 4787 547 4841 Bachmann
564 4789 683 4855 (Anecd.
701 4790 722 4855 I,
741 4808 768 4859 p,
780 4795 851 4856 480),
872 4790 1050 4844 scribendum
1069 4794 1175 4843 estant
1191 4791 1343 4865 Κεκροπία·
1359 4788 1483 4856 Ἀθῆναι
1500 4796 1550 4844 aut

225 4903 258 4912 —
276 4874 308 4926 id
326 4874 402 4946 quod
420 4874 654 4930 Wilamowitzius
674 4876 802 4947 praefert
819 4907 852 4915 —
869 4878 1019 4955 Κοκροτίη·
1034 4873 1164 4942 Ἀθῆναι.
1190 4943 1226 4997 2&
