<?xml version="1.0" encoding="UTF-8"?>
<!DOCTYPE html PUBLIC "-//W3C//DTD XHTML 1.0 Transitional//EN"
    "http://www.w3.org/TR/xhtml1/DTD/xhtml1-transitional.dtd">
<html xmlns="http://www.w3.org/1999/xhtml" xml:lang="en" lang="en">
 <head>
  <title>
</title>
<meta http-equiv="Content-Type" content="text/html;charset=utf-8" />
  <meta name='ocr-system' content='tesseract 3.04.00' />
  <meta name='ocr-capabilities' content='ocr_page ocr_carea ocr_par ocr_line ocrx_word'/>
</head>
<body>
  <div class='ocr_page' id='page_1' title='image "./degrammaticisgr00wentgoog_0028.png"; bbox 0 0 3548 5580; ppageno 0'>
   <div class='ocr_carea' id='block_1_1' title="bbox 53 597 1417 3374">
    <p class='ocr_par' dir='ltr' id='par_1_1' title="bbox 60 597 1413 2148">
     <span class='ocr_line' id='line_1_1' title="bbox 204 597 1409 721; baseline 0.002 -21"><span class='ocrx_word' id='word_1_1' title='bbox 204 597 353 701; x_wconf 74' lang='lat' dir='ltr'><strong>Suidam</strong></span> <span class='ocrx_word' id='word_1_2' title='bbox 373 641 485 696; x_wconf 89' lang='lat' dir='ltr'><strong>nostra</strong></span> <span class='ocrx_word' id='word_1_3' title='bbox 508 654 525 696; x_wconf 94' lang='lat' dir='ltr'><strong>e</strong></span> <span class='ocrx_word' id='word_1_4' title='bbox 548 634 738 718; x_wconf 82' lang='lat' dir='ltr'><strong>quaestione</strong></span> <span class='ocrx_word' id='word_1_5' title='bbox 759 632 993 698; x_wconf 86' lang='lat' dir='ltr'><strong>removendum</strong></span> <span class='ocrx_word' id='word_1_6' title='bbox 1010 656 1080 699; x_wconf 91' lang='lat' dir='ltr'><strong>csse</strong></span> <span class='ocrx_word' id='word_1_7' title='bbox 1099 633 1409 721; x_wconf 82' lang='lat' dir='ltr'><strong>demonstravimus3</strong></span> 
     </span>
     <span class='ocr_line' id='line_1_2' title="bbox 70 732 1409 825; baseline 0.006 -28"><span class='ocrx_word' id='word_1_8' title='bbox 70 756 161 799; x_wconf 88' lang='lat' dir='ltr'><strong>nnnc</strong></span> <span class='ocrx_word' id='word_1_9' title='bbox 191 733 321 820; x_wconf 91' lang='lat' dir='ltr'><strong>reliqua</strong></span> <span class='ocrx_word' id='word_1_10' title='bbox 351 733 458 798; x_wconf 88' lang='lat' dir='ltr'><strong>lexica</strong></span> <span class='ocrx_word' id='word_1_11' title='bbox 491 732 660 818; x_wconf 84' lang='lat' dir='ltr'><strong>adeamus,</strong></span> <span class='ocrx_word' id='word_1_12' title='bbox 694 757 833 822; x_wconf 90' lang='lat' dir='ltr'><strong>quorum</strong></span> <span class='ocrx_word' id='word_1_13' title='bbox 865 746 901 800; x_wconf 92' lang='lat' dir='ltr'><strong>ut</strong></span> <span class='ocrx_word' id='word_1_14' title='bbox 930 737 963 800; x_wconf 90' lang='lat' dir='ltr'><strong>in</strong></span> <span class='ocrx_word' id='word_1_15' title='bbox 993 739 1109 801; x_wconf 90' lang='lat' dir='ltr'><strong>ceteris</strong></span> <span class='ocrx_word' id='word_1_16' title='bbox 1137 739 1182 801; x_wconf 90' lang='lat' dir='ltr'><strong>ita</strong></span> <span class='ocrx_word' id='word_1_17' title='bbox 1204 738 1256 802; x_wconf 91' lang='lat' dir='ltr'><strong>hic</strong></span> <span class='ocrx_word' id='word_1_18' title='bbox 1278 761 1409 825; x_wconf 91' lang='lat' dir='ltr'><strong>quoque</strong></span> 
     </span>
     <span class='ocr_line' id='line_1_3' title="bbox 70 834 1410 927; baseline 0.003 -27"><span class='ocrx_word' id='word_1_19' title='bbox 70 838 228 924; x_wconf 87' lang='lat' dir='ltr'><strong>princeps</strong></span> <span class='ocrx_word' id='word_1_20' title='bbox 253 844 302 900; x_wconf 91' lang='lat' dir='ltr'><strong>cst</strong></span> <span class='ocrx_word' id='word_1_21' title='bbox 322 834 524 922; x_wconf 84' lang='lat' dir='ltr'><strong>Hesychius,</strong></span> <span class='ocrx_word' id='word_1_22' title='bbox 557 836 590 899; x_wconf 91' lang='lat' dir='ltr'><strong>in</strong></span> <span class='ocrx_word' id='word_1_23' title='bbox 619 858 684 922; x_wconf 93' lang='lat' dir='ltr'><strong>quo</strong></span> <span class='ocrx_word' id='word_1_24' title='bbox 712 858 816 925; x_wconf 89' lang='lat' dir='ltr'><strong>paene</strong></span> <span class='ocrx_word' id='word_1_25' title='bbox 845 860 910 901; x_wconf 94' lang='lat' dir='ltr'><strong>uno</strong></span> <span class='ocrx_word' id='word_1_26' title='bbox 933 860 974 902; x_wconf 91' lang='lat' dir='ltr'><strong>ex</strong></span> <span class='ocrx_word' id='word_1_27' title='bbox 996 839 1145 904; x_wconf 86' lang='lat' dir='ltr'><strong>omnihus</strong></span> <span class='ocrx_word' id='word_1_28' title='bbox 1167 840 1410 927; x_wconf 88' lang='lat' dir='ltr'><strong>lexicographis</strong></span> 
     </span>
     <span class='ocr_line' id='line_1_4' title="bbox 77 933 1409 1027; baseline 0.004 -26"><span class='ocrx_word' id='word_1_29' title='bbox 77 939 191 1002; x_wconf 89' lang='lat' dir='ltr'><strong>nititur</strong></span> <span class='ocrx_word' id='word_1_30' title='bbox 214 959 253 1002; x_wconf 93' lang='lat' dir='ltr'><strong>ea</strong></span> <span class='ocrx_word' id='word_1_31' title='bbox 276 938 434 1024; x_wconf 85' lang='lat' dir='ltr'><strong>quaestio,</strong></span> <span class='ocrx_word' id='word_1_32' title='bbox 463 960 562 1024; x_wconf 87' lang='lat' dir='ltr'><strong>quam</strong></span> <span class='ocrx_word' id='word_1_33' title='bbox 581 939 779 1003; x_wconf 83' lang='lat' dir='ltr'><strong>instituimus</strong></span> <span class='ocrx_word' id='word_1_34' title='bbox 801 937 841 1003; x_wconf 95' lang='lat' dir='ltr'><strong>de</strong></span> <span class='ocrx_word' id='word_1_35' title='bbox 863 933 1064 1022; x_wconf 75' lang='grc' dir='ltr'><strong><em>ἕπικλὴσεων</em></strong></span> <span class='ocrx_word' id='word_1_36' title='bbox 1085 939 1242 1005; x_wconf 89' lang='lat' dir='ltr'><strong>doctrina.</strong></span> <span class='ocrx_word' id='word_1_37' title='bbox 1298 940 1409 1027; x_wconf 90' lang='lat' dir='ltr'><strong>Atque</strong></span> 
     </span>
     <span class='ocr_line' id='line_1_5' title="bbox 78 1039 1409 1126; baseline 0.004 -23"><span class='ocrx_word' id='word_1_38' title='bbox 78 1039 234 1126; x_wconf 85' lang='lat' dir='ltr'><strong>Hesychii</strong></span> <span class='ocrx_word' id='word_1_39' title='bbox 255 1040 396 1125; x_wconf 89' lang='lat' dir='ltr'><strong>optimus</strong></span> <span class='ocrx_word' id='word_1_40' title='bbox 419 1049 533 1104; x_wconf 86' lang='lat' dir='ltr'><strong>auctor</strong></span> <span class='ocrx_word' id='word_1_41' title='bbox 549 1039 773 1124; x_wconf 86' lang='lat' dir='ltr'><strong>Diogenianus</strong></span> <span class='ocrx_word' id='word_1_42' title='bbox 796 1063 869 1105; x_wconf 92' lang='lat' dir='ltr'><strong>cum</strong></span> <span class='ocrx_word' id='word_1_43' title='bbox 890 1062 954 1105; x_wconf 92' lang='lat' dir='ltr'><strong>non</strong></span> <span class='ocrx_word' id='word_1_44' title='bbox 969 1042 1057 1106; x_wconf 93' lang='lat' dir='ltr'><strong>solus</strong></span> <span class='ocrx_word' id='word_1_45' title='bbox 1071 1042 1159 1107; x_wconf 92' lang='lat' dir='ltr'><strong>illius</strong></span> <span class='ocrx_word' id='word_1_46' title='bbox 1173 1054 1287 1109; x_wconf 82' lang='lat' dir='ltr'><strong>auctor</strong></span> <span class='ocrx_word' id='word_1_47' title='bbox 1302 1044 1409 1124; x_wconf 85' lang='lat' dir='ltr'><strong>fuerit,</strong></span> 
     </span>
     <span class='ocr_line' id='line_1_6' title="bbox 75 1140 1410 1231; baseline 0.004 -26"><span class='ocrx_word' id='word_1_48' title='bbox 75 1140 133 1206; x_wconf 91' lang='lat' dir='ltr'><strong>sed</strong></span> <span class='ocrx_word' id='word_1_49' title='bbox 151 1143 244 1206; x_wconf 85' lang='lat' dir='ltr'><strong>veria</strong></span> <span class='ocrx_word' id='word_1_50' title='bbox 260 1141 420 1206; x_wconf 90' lang='lat' dir='ltr'><strong>elementa</strong></span> <span class='ocrx_word' id='word_1_51' title='bbox 435 1143 467 1206; x_wconf 92' lang='lat' dir='ltr'><strong>in</strong></span> <span class='ocrx_word' id='word_1_52' title='bbox 481 1141 640 1228; x_wconf 85' lang='lat' dir='ltr'><strong>Hesychii</strong></span> <span class='ocrx_word' id='word_1_53' title='bbox 661 1141 779 1221; x_wconf 86' lang='lat' dir='ltr'><strong>lexico,</strong></span> <span class='ocrx_word' id='word_1_54' title='bbox 800 1143 887 1229; x_wconf 91' lang='lat' dir='ltr'><strong>quod</strong></span> <span class='ocrx_word' id='word_1_55' title='bbox 909 1166 994 1208; x_wconf 91' lang='lat' dir='ltr'><strong>nunc</strong></span> <span class='ocrx_word' id='word_1_56' title='bbox 1017 1154 1075 1224; x_wconf 88' lang='lat' dir='ltr'><strong>est,</strong></span> <span class='ocrx_word' id='word_1_57' title='bbox 1101 1145 1324 1231; x_wconf 85' lang='lat' dir='ltr'><strong>conglutinata</strong></span> <span class='ocrx_word' id='word_1_58' title='bbox 1346 1148 1410 1211; x_wconf 87' lang='lat' dir='ltr'><strong>sint</strong></span> 
     </span>
     <span class='ocr_line' id='line_1_7' title="bbox 74 1241 1409 1334; baseline 0.004 -26"><span class='ocrx_word' id='word_1_59' title='bbox 74 1241 207 1327; x_wconf 85' lang='lat' dir='ltr'><strong>(lexica,</strong></span> <span class='ocrx_word' id='word_1_60' title='bbox 231 1242 355 1307; x_wconf 92' lang='lat' dir='ltr'><strong>scholia</strong></span> <span class='ocrx_word' id='word_1_61' title='bbox 368 1241 544 1308; x_wconf 90' lang='lat' dir='ltr'><strong>Homerica</strong></span> <span class='ocrx_word' id='word_1_62' title='bbox 560 1253 593 1307; x_wconf 89' lang='lat' dir='ltr'><strong>et</strong></span> <span class='ocrx_word' id='word_1_63' title='bbox 613 1243 792 1332; x_wconf 79' lang='lat' dir='ltr'><strong>Euripiden</strong></span> <span class='ocrx_word' id='word_1_64' title='bbox 808 1243 908 1309; x_wconf 88' lang='lat' dir='ltr'><strong>infimi</strong></span> <span class='ocrx_word' id='word_1_65' title='bbox 923 1247 1062 1328; x_wconf 89' lang='lat' dir='ltr'><strong>generis,</strong></span> <span class='ocrx_word' id='word_1_66' title='bbox 1082 1245 1210 1331; x_wconf 86' lang='lat' dir='ltr'><strong>glossae</strong></span> <span class='ocrx_word' id='word_1_67' title='bbox 1227 1249 1409 1334; x_wconf 91' lang='lat' dir='ltr'><strong>vilissimae,</strong></span> 
     </span>
     <span class='ocr_line' id='line_1_8' title="bbox 64 1342 1410 1436; baseline 0.004 -27"><span class='ocrx_word' id='word_1_68' title='bbox 64 1345 166 1410; x_wconf 73' lang='lat' dir='ltr'><strong>velut</strong></span> <span class='ocrx_word' id='word_1_69' title='bbox 201 1342 347 1431; x_wconf 73' lang='lat' dir='ltr'><strong>cyrilli),</strong></span> <span class='ocrx_word' id='word_1_70' title='bbox 390 1366 431 1408; x_wconf 93' lang='lat' dir='ltr'><strong>ne</strong></span> <span class='ocrx_word' id='word_1_71' title='bbox 463 1346 533 1431; x_wconf 92' lang='lat' dir='ltr'><strong>ipse</strong></span> <span class='ocrx_word' id='word_1_72' title='bbox 566 1343 698 1431; x_wconf 91' lang='lat' dir='ltr'><strong>quidem</strong></span> <span class='ocrx_word' id='word_1_73' title='bbox 733 1368 792 1433; x_wconf 91' lang='lat' dir='ltr'><strong>per</strong></span> <span class='ocrx_word' id='word_1_74' title='bbox 828 1369 928 1411; x_wconf 92' lang='lat' dir='ltr'><strong>unum</strong></span> <span class='ocrx_word' id='word_1_75' title='bbox 964 1350 1087 1413; x_wconf 86' lang='lat' dir='ltr'><strong>fontem</strong></span> <span class='ocrx_word' id='word_1_76' title='bbox 1125 1351 1410 1436; x_wconf 84' lang='lat' dir='ltr'><strong>exquisitissimam</strong></span> 
     </span>
     <span class='ocr_line' id='line_1_9' title="bbox 63 1444 1410 1538; baseline 0.002 -25"><span class='ocrx_word' id='word_1_77' title='bbox 63 1457 228 1513; x_wconf 67' lang='lat' dir='ltr'><strong>veterum</strong></span> <span class='ocrx_word' id='word_1_78' title='bbox 249 1444 549 1511; x_wconf 88' lang='lat' dir='ltr'><strong>Alexandrinorum</strong></span> <span class='ocrx_word' id='word_1_79' title='bbox 580 1449 707 1534; x_wconf 90' lang='lat' dir='ltr'><strong>copiam</strong></span> <span class='ocrx_word' id='word_1_80' title='bbox 738 1448 903 1529; x_wconf 86' lang='lat' dir='ltr'><strong>exhausit,</strong></span> <span class='ocrx_word' id='word_1_81' title='bbox 936 1449 992 1513; x_wconf 94' lang='lat' dir='ltr'><strong>sed</strong></span> <span class='ocrx_word' id='word_1_82' title='bbox 1022 1452 1090 1515; x_wconf 92' lang='lat' dir='ltr'><strong>sive</strong></span> <span class='ocrx_word' id='word_1_83' title='bbox 1119 1473 1178 1538; x_wconf 89' lang='lat' dir='ltr'><strong>per</strong></span> <span class='ocrx_word' id='word_1_84' title='bbox 1204 1450 1410 1538; x_wconf 91' lang='lat' dir='ltr'><strong>Pamphilum</strong></span> 
     </span>
     <span class='ocr_line' id='line_1_10' title="bbox 66 1548 1410 1641; baseline 0.003 -26"><span class='ocrx_word' id='word_1_85' title='bbox 66 1552 145 1615; x_wconf 77' lang='lat' dir='ltr'><strong>sive</strong></span> <span class='ocrx_word' id='word_1_86' title='bbox 169 1571 230 1637; x_wconf 90' lang='lat' dir='ltr'><strong>per</strong></span> <span class='ocrx_word' id='word_1_87' title='bbox 253 1548 334 1613; x_wconf 88' lang='lat' dir='ltr'><strong>alios</strong></span> <span class='ocrx_word' id='word_1_88' title='bbox 360 1550 591 1633; x_wconf 87' lang='lat' dir='ltr'><strong>grammaticos</strong></span> <span class='ocrx_word' id='word_1_89' title='bbox 620 1550 662 1613; x_wconf 89' lang='lat' dir='ltr'><strong>ab</strong></span> <span class='ocrx_word' id='word_1_90' title='bbox 689 1551 878 1616; x_wconf 87' lang='lat' dir='ltr'><strong>auctoribus</strong></span> <span class='ocrx_word' id='word_1_91' title='bbox 907 1551 1018 1615; x_wconf 91' lang='lat' dir='ltr'><strong>multis</strong></span> <span class='ocrx_word' id='word_1_92' title='bbox 1047 1575 1084 1616; x_wconf 87' lang='lat' dir='ltr'><strong>ac</strong></span> <span class='ocrx_word' id='word_1_93' title='bbox 1114 1551 1251 1618; x_wconf 89' lang='lat' dir='ltr'><strong>diversis</strong></span> <span class='ocrx_word' id='word_1_94' title='bbox 1272 1552 1410 1641; x_wconf 86' lang='lat' dir='ltr'><strong>pendet:</strong></span> 
     </span>
     <span class='ocr_line' id='line_1_11' title="bbox 68 1649 1411 1741; baseline 0.003 -25"><span class='ocrx_word' id='word_1_95' title='bbox 68 1663 112 1716; x_wconf 84' lang='lat' dir='ltr'><strong>ut</strong></span> <span class='ocrx_word' id='word_1_96' title='bbox 134 1653 264 1715; x_wconf 87' lang='lat' dir='ltr'><strong>inerant</strong></span> <span class='ocrx_word' id='word_1_97' title='bbox 286 1652 319 1713; x_wconf 91' lang='lat' dir='ltr'><strong>in</strong></span> <span class='ocrx_word' id='word_1_98' title='bbox 341 1649 546 1736; x_wconf 90' lang='lat' dir='ltr'><strong>Diogeniano</strong></span> <span class='ocrx_word' id='word_1_99' title='bbox 577 1662 634 1716; x_wconf 91' lang='lat' dir='ltr'><strong>aut</strong></span> <span class='ocrx_word' id='word_1_100' title='bbox 662 1661 750 1716; x_wconf 83' lang='lat' dir='ltr'><strong>certe</strong></span> <span class='ocrx_word' id='word_1_101' title='bbox 779 1674 866 1716; x_wconf 89' lang='lat' dir='ltr'><strong>nunc</strong></span> <span class='ocrx_word' id='word_1_102' title='bbox 894 1654 1003 1718; x_wconf 87' lang='lat' dir='ltr'><strong>insunt</strong></span> <span class='ocrx_word' id='word_1_103' title='bbox 1032 1655 1064 1717; x_wconf 92' lang='lat' dir='ltr'><strong>in</strong></span> <span class='ocrx_word' id='word_1_104' title='bbox 1087 1654 1254 1741; x_wconf 89' lang='lat' dir='ltr'><strong>Hesychio</strong></span> <span class='ocrx_word' id='word_1_105' title='bbox 1288 1655 1411 1721; x_wconf 90' lang='lat' dir='ltr'><strong>scholia</strong></span> 
     </span>
     <span class='ocr_line' id='line_1_12' title="bbox 71 1750 1411 1842; baseline 0.004 -26"><span class='ocrx_word' id='word_1_106' title='bbox 71 1751 264 1834; x_wconf 86' lang='lat' dir='ltr'><strong>Homerica,</strong></span> <span class='ocrx_word' id='word_1_107' title='bbox 288 1750 538 1840; x_wconf 85' lang='lat' dir='ltr'><strong>Aristophanea,</strong></span> <span class='ocrx_word' id='word_1_108' title='bbox 552 1751 781 1834; x_wconf 81' lang='lat' dir='ltr'><strong>Callimachea,</strong></span> <span class='ocrx_word' id='word_1_109' title='bbox 803 1753 1026 1841; x_wconf 86' lang='lat' dir='ltr'><strong>Thucydidea,</strong></span> <span class='ocrx_word' id='word_1_110' title='bbox 1041 1755 1170 1842; x_wconf 85' lang='lat' dir='ltr'><strong>glossae</strong></span> <span class='ocrx_word' id='word_1_111' title='bbox 1186 1759 1411 1842; x_wconf 84' lang='lat' dir='ltr'><strong>atticistarum,</strong></span> 
     </span>
     <span class='ocr_line' id='line_1_13' title="bbox 64 1853 1411 1947; baseline 0.004 -27"><span class='ocrx_word' id='word_1_112' title='bbox 64 1855 270 1938; x_wconf 68' lang='lat' dir='ltr'><strong>rhetoricae,</strong></span> <span class='ocrx_word' id='word_1_113' title='bbox 294 1854 575 1942; x_wconf 87' lang='lat' dir='ltr'><strong>Harpocrationis,</strong></span> <span class='ocrx_word' id='word_1_114' title='bbox 597 1856 670 1921; x_wconf 88' lang='lat' dir='ltr'><strong>alia.</strong></span> <span class='ocrx_word' id='word_1_115' title='bbox 714 1856 788 1938; x_wconf 79' lang='lat' dir='ltr'><strong>Quo</strong></span> <span class='ocrx_word' id='word_1_116' title='bbox 811 1878 895 1942; x_wconf 87' lang='lat' dir='ltr'><strong>quac</strong></span> <span class='ocrx_word' id='word_1_117' title='bbox 919 1879 959 1921; x_wconf 92' lang='lat' dir='ltr'><strong>ex</strong></span> <span class='ocrx_word' id='word_1_118' title='bbox 982 1853 1182 1942; x_wconf 73' lang='grc' dir='ltr'><strong><em>ἕπικλὴσεων</em></strong></span> <span class='ocrx_word' id='word_1_119' title='bbox 1204 1859 1320 1945; x_wconf 86' lang='lat' dir='ltr'><strong>glossis</strong></span> <span class='ocrx_word' id='word_1_120' title='bbox 1339 1883 1411 1947; x_wconf 91' lang='lat' dir='ltr'><strong>per-</strong></span> 
     </span>
     <span class='ocr_line' id='line_1_14' title="bbox 65 1952 1413 2050; baseline 0.004 -27"><span class='ocrx_word' id='word_1_121' title='bbox 65 1959 193 2038; x_wconf 86' lang='lat' dir='ltr'><strong>tinent,</strong></span> <span class='ocrx_word' id='word_1_122' title='bbox 218 1978 293 2038; x_wconf 89' lang='lat' dir='ltr'><strong>eae,</strong></span> <span class='ocrx_word' id='word_1_123' title='bbox 327 1979 401 2020; x_wconf 90' lang='lat' dir='ltr'><strong>oum</strong></span> <span class='ocrx_word' id='word_1_124' title='bbox 433 1959 638 2044; x_wconf 88' lang='lat' dir='ltr'><strong>conscriptae</strong></span> <span class='ocrx_word' id='word_1_125' title='bbox 661 1959 724 2021; x_wconf 89' lang='lat' dir='ltr'><strong>sint</strong></span> <span class='ocrx_word' id='word_1_126' title='bbox 745 1979 811 2021; x_wconf 94' lang='lat' dir='ltr'><strong>non</strong></span> <span class='ocrx_word' id='word_1_127' title='bbox 833 1952 1030 2041; x_wconf 59' lang='lat' dir='ltr'><strong>dntxlqoser</strong></span> <span class='ocrx_word' id='word_1_128' title='bbox 1054 1983 1161 2040; x_wconf 87' lang='lat' dir='ltr'><strong>causa,</strong></span> <span class='ocrx_word' id='word_1_129' title='bbox 1194 1961 1250 2026; x_wconf 89' lang='lat' dir='ltr'><strong>sed</strong></span> <span class='ocrx_word' id='word_1_130' title='bbox 1274 1962 1315 2026; x_wconf 88' lang='lat' dir='ltr'><strong>ad</strong></span> <span class='ocrx_word' id='word_1_131' title='bbox 1337 1984 1413 2050; x_wconf 90' lang='lat' dir='ltr'><strong>poe-</strong></span> 
     </span>
     <span class='ocr_line' id='line_1_15' title="bbox 60 2059 1413 2148; baseline 0.004 -23"><span class='ocrx_word' id='word_1_132' title='bbox 60 2071 185 2126; x_wconf 87' lang='lat' dir='ltr'><strong>tarum</strong></span> <span class='ocrx_word' id='word_1_133' title='bbox 208 2069 267 2123; x_wconf 90' lang='lat' dir='ltr'><strong>aut</strong></span> <span class='ocrx_word' id='word_1_134' title='bbox 286 2059 482 2145; x_wconf 85' lang='lat' dir='ltr'><strong>scriptorum</strong></span> <span class='ocrx_word' id='word_1_135' title='bbox 508 2073 564 2124; x_wconf 89' lang='lat' dir='ltr'><strong>aut</strong></span> <span class='ocrx_word' id='word_1_136' title='bbox 588 2071 754 2125; x_wconf 84' lang='lat' dir='ltr'><strong>oratorum</strong></span> <span class='ocrx_word' id='word_1_137' title='bbox 783 2059 874 2123; x_wconf 89' lang='lat' dir='ltr'><strong>locos</strong></span> <span class='ocrx_word' id='word_1_138' title='bbox 903 2060 1029 2146; x_wconf 84' lang='lat' dir='ltr'><strong>aliquos</strong></span> <span class='ocrx_word' id='word_1_139' title='bbox 1060 2063 1339 2148; x_wconf 87' lang='lat' dir='ltr'><strong>interpretandos,</strong></span> <span class='ocrx_word' id='word_1_140' title='bbox 1372 2088 1413 2129; x_wconf 91' lang='lat' dir='ltr'><strong>ne</strong></span> 
     </span>
    </p>

    <p class='ocr_par' dir='ltr' id='par_1_2' title="bbox 53 2159 1413 2252">
     <span class='ocr_line' id='line_1_16' title="bbox 53 2159 1413 2252; baseline 0.004 -26"><span class='ocrx_word' id='word_1_141' title='bbox 53 2163 177 2228; x_wconf 79' lang='lat' dir='ltr'><strong>verbo</strong></span> <span class='ocrx_word' id='word_1_142' title='bbox 213 2159 345 2248; x_wconf 91' lang='lat' dir='ltr'><strong>quidem</strong></span> <span class='ocrx_word' id='word_1_143' title='bbox 375 2159 493 2248; x_wconf 85' lang='lat' dir='ltr'><strong>dignae</strong></span> <span class='ocrx_word' id='word_1_144' title='bbox 523 2171 599 2226; x_wconf 92' lang='lat' dir='ltr'><strong>sunt</strong></span> <span class='ocrx_word' id='word_1_145' title='bbox 626 2163 659 2225; x_wconf 93' lang='lat' dir='ltr'><strong>in</strong></span> <span class='ocrx_word' id='word_1_146' title='bbox 688 2161 750 2226; x_wconf 89' lang='lat' dir='ltr'><strong>hac</strong></span> <span class='ocrx_word' id='word_1_147' title='bbox 777 2161 908 2248; x_wconf 90' lang='lat' dir='ltr'><strong>quidem</strong></span> <span class='ocrx_word' id='word_1_148' title='bbox 930 2165 1119 2248; x_wconf 89' lang='lat' dir='ltr'><strong>quaestione</strong></span> <span class='ocrx_word' id='word_1_149' title='bbox 1140 2187 1246 2251; x_wconf 91' lang='lat' dir='ltr'><strong>neque</strong></span> <span class='ocrx_word' id='word_1_150' title='bbox 1269 2166 1413 2252; x_wconf 88' lang='lat' dir='ltr'><strong>singulas</strong></span> 
     </span>
    </p>

    <p class='ocr_par' dir='ltr' id='par_1_3' title="bbox 56 2263 1414 2761">
     <span class='ocr_line' id='line_1_17' title="bbox 57 2263 1413 2354; baseline 0.001 -24"><span class='ocrx_word' id='word_1_151' title='bbox 57 2287 238 2342; x_wconf 77' lang='lat' dir='ltr'><strong>curamus,</strong></span> <span class='ocrx_word' id='word_1_152' title='bbox 264 2275 373 2328; x_wconf 85' lang='lat' dir='ltr'><strong>utrum</strong></span> <span class='ocrx_word' id='word_1_153' title='bbox 395 2263 552 2350; x_wconf 87' lang='lat' dir='ltr'><strong>Hesychii</strong></span> <span class='ocrx_word' id='word_1_154' title='bbox 575 2287 616 2328; x_wconf 89' lang='lat' dir='ltr'><strong>an</strong></span> <span class='ocrx_word' id='word_1_155' title='bbox 636 2263 833 2348; x_wconf 90' lang='lat' dir='ltr'><strong>Diogeniani</strong></span> <span class='ocrx_word' id='word_1_156' title='bbox 854 2286 953 2351; x_wconf 87' lang='lat' dir='ltr'><strong>opera</strong></span> <span class='ocrx_word' id='word_1_157' title='bbox 975 2267 1007 2328; x_wconf 92' lang='lat' dir='ltr'><strong>in</strong></span> <span class='ocrx_word' id='word_1_158' title='bbox 1028 2266 1156 2332; x_wconf 83' lang='lat' dir='ltr'><strong>lexicon</strong></span> <span class='ocrx_word' id='word_1_159' title='bbox 1169 2268 1413 2354; x_wconf 89' lang='lat' dir='ltr'><strong>Hesychianum</strong></span> 
     </span>
     <span class='ocr_line' id='line_1_18' title="bbox 56 2367 1414 2456; baseline 0.001 -23"><span class='ocrx_word' id='word_1_160' title='bbox 56 2367 303 2453; x_wconf 87' lang='lat' dir='ltr'><strong>pervenerint:</strong></span> <span class='ocrx_word' id='word_1_161' title='bbox 337 2377 488 2430; x_wconf 88' lang='lat' dir='ltr'><strong>auctores</strong></span> <span class='ocrx_word' id='word_1_162' title='bbox 511 2367 595 2430; x_wconf 90' lang='lat' dir='ltr'><strong>enim</strong></span> <span class='ocrx_word' id='word_1_163' title='bbox 620 2389 730 2430; x_wconf 91' lang='lat' dir='ltr'><strong>eorum</strong></span> <span class='ocrx_word' id='word_1_164' title='bbox 754 2367 901 2453; x_wconf 89' lang='lat' dir='ltr'><strong>primarii</strong></span> <span class='ocrx_word' id='word_1_165' title='bbox 926 2369 982 2452; x_wconf 93' lang='lat' dir='ltr'><strong>qui</strong></span> <span class='ocrx_word' id='word_1_166' title='bbox 1004 2369 1125 2433; x_wconf 86' lang='lat' dir='ltr'><strong>fuerint</strong></span> <span class='ocrx_word' id='word_1_167' title='bbox 1150 2380 1285 2454; x_wconf 88' lang='lat' dir='ltr'><strong>constat,</strong></span> <span class='ocrx_word' id='word_1_168' title='bbox 1308 2391 1414 2456; x_wconf 89' lang='lat' dir='ltr'><strong>neque</strong></span> 
     </span>
     <span class='ocr_line' id='line_1_19' title="bbox 60 2465 1413 2557; baseline 0.003 -25"><span class='ocrx_word' id='word_1_169' title='bbox 60 2470 183 2536; x_wconf 75' lang='lat' dir='ltr'><strong>solent</strong></span> <span class='ocrx_word' id='word_1_170' title='bbox 208 2468 250 2532; x_wconf 92' lang='lat' dir='ltr'><strong>ab</strong></span> <span class='ocrx_word' id='word_1_171' title='bbox 274 2465 454 2533; x_wconf 90' lang='lat' dir='ltr'><strong>editoribus</strong></span> <span class='ocrx_word' id='word_1_172' title='bbox 469 2469 502 2532; x_wconf 91' lang='lat' dir='ltr'><strong>in</strong></span> <span class='ocrx_word' id='word_1_173' title='bbox 519 2467 704 2533; x_wconf 87' lang='lat' dir='ltr'><strong>adnotando</strong></span> <span class='ocrx_word' id='word_1_174' title='bbox 727 2468 866 2553; x_wconf 86' lang='lat' dir='ltr'><strong>neglegi.</strong></span> <span class='ocrx_word' id='word_1_175' title='bbox 909 2468 999 2533; x_wconf 91' lang='lat' dir='ltr'><strong>Illud</strong></span> <span class='ocrx_word' id='word_1_176' title='bbox 1024 2493 1155 2557; x_wconf 90' lang='lat' dir='ltr'><strong>quoque</strong></span> <span class='ocrx_word' id='word_1_177' title='bbox 1179 2473 1256 2536; x_wconf 89' lang='lat' dir='ltr'><strong>licet</strong></span> <span class='ocrx_word' id='word_1_178' title='bbox 1271 2471 1413 2536; x_wconf 85' lang='lat' dir='ltr'><strong>animad-</strong></span> 
     </span>
     <span class='ocr_line' id='line_1_20' title="bbox 60 2569 1414 2659; baseline 0.002 -25"><span class='ocrx_word' id='word_1_179' title='bbox 60 2582 215 2654; x_wconf 87' lang='lat' dir='ltr'><strong>vertere,</strong></span> <span class='ocrx_word' id='word_1_180' title='bbox 246 2572 279 2634; x_wconf 93' lang='lat' dir='ltr'><strong>in</strong></span> <span class='ocrx_word' id='word_1_181' title='bbox 302 2569 363 2634; x_wconf 91' lang='lat' dir='ltr'><strong>hoo</strong></span> <span class='ocrx_word' id='word_1_182' title='bbox 382 2570 564 2654; x_wconf 86' lang='lat' dir='ltr'><strong>glossarum</strong></span> <span class='ocrx_word' id='word_1_183' title='bbox 583 2593 703 2656; x_wconf 90' lang='lat' dir='ltr'><strong>genere</strong></span> <span class='ocrx_word' id='word_1_184' title='bbox 726 2572 870 2659; x_wconf 87' lang='lat' dir='ltr'><strong>epitheta</strong></span> <span class='ocrx_word' id='word_1_185' title='bbox 892 2573 1021 2658; x_wconf 86' lang='lat' dir='ltr'><strong>poetica</strong></span> <span class='ocrx_word' id='word_1_186' title='bbox 1046 2584 1078 2637; x_wconf 90' lang='lat' dir='ltr'><strong>et</strong></span> <span class='ocrx_word' id='word_1_187' title='bbox 1101 2569 1283 2657; x_wconf 76' lang='grc' dir='ltr'><strong><em>ἐπικλήσεις</em></strong></span> <span class='ocrx_word' id='word_1_188' title='bbox 1305 2595 1414 2638; x_wconf 86' lang='lat' dir='ltr'><strong>sacras</strong></span> 
     </span>
     <span class='ocr_line' id='line_1_21' title="bbox 69 2672 1210 2761; baseline 0.003 -23"><span class='ocrx_word' id='word_1_189' title='bbox 69 2674 269 2761; x_wconf 85' lang='lat' dir='ltr'><strong>saepissime</strong></span> <span class='ocrx_word' id='word_1_190' title='bbox 292 2672 454 2757; x_wconf 84' lang='lat' dir='ltr'><strong>confundi,</strong></span> <span class='ocrx_word' id='word_1_191' title='bbox 476 2682 514 2736; x_wconf 93' lang='lat' dir='ltr'><strong>ut</strong></span> <span class='ocrx_word' id='word_1_192' title='bbox 534 2696 595 2760; x_wconf 89' lang='lat' dir='ltr'><strong>par</strong></span> <span class='ocrx_word' id='word_1_193' title='bbox 618 2685 687 2738; x_wconf 86' lang='lat' dir='ltr'><strong>crat</strong></span> <span class='ocrx_word' id='word_1_194' title='bbox 708 2675 741 2737; x_wconf 91' lang='lat' dir='ltr'><strong>in</strong></span> <span class='ocrx_word' id='word_1_195' title='bbox 765 2672 966 2760; x_wconf 85' lang='lat' dir='ltr'><strong>explicandis</strong></span> <span class='ocrx_word' id='word_1_196' title='bbox 985 2676 1210 2761; x_wconf 88' lang='lat' dir='ltr'><strong>scriptoribus.</strong></span> 
     </span>
    </p>

    <p class='ocr_par' dir='ltr' id='par_1_4' title="bbox 72 2773 1417 3374">
     <span class='ocr_line' id='line_1_22' title="bbox 206 2773 1415 2861; baseline 0.002 -23"><span class='ocrx_word' id='word_1_197' title='bbox 206 2774 301 2839; x_wconf 88' lang='lat' dir='ltr'><strong>Haeo</strong></span> <span class='ocrx_word' id='word_1_198' title='bbox 327 2773 481 2839; x_wconf 87' lang='lat' dir='ltr'><strong>lemmata</strong></span> <span class='ocrx_word' id='word_1_199' title='bbox 509 2776 708 2861; x_wconf 87' lang='lat' dir='ltr'><strong>ubicumque</strong></span> <span class='ocrx_word' id='word_1_200' title='bbox 736 2786 862 2840; x_wconf 89' lang='lat' dir='ltr'><strong>remota</strong></span> <span class='ocrx_word' id='word_1_201' title='bbox 892 2786 982 2848; x_wconf 79' lang='lat' dir='ltr'><strong>sunt.</strong></span> <span class='ocrx_word' id='word_1_202' title='bbox 1014 2779 1128 2861; x_wconf 90' lang='lat' dir='ltr'><strong>ingens</strong></span> <span class='ocrx_word' id='word_1_203' title='bbox 1151 2787 1254 2842; x_wconf 88' lang='lat' dir='ltr'><strong>restat</strong></span> <span class='ocrx_word' id='word_1_204' title='bbox 1282 2787 1415 2841; x_wconf 88' lang='lat' dir='ltr'><strong>caterva</strong></span> 
     </span>
     <span class='ocr_line' id='line_1_23' title="bbox 74 2871 1416 2965; baseline 0.001 -24"><span class='ocrx_word' id='word_1_205' title='bbox 74 2879 264 2962; x_wconf 88' lang='lat' dir='ltr'><strong>glossarum</strong></span> <span class='ocrx_word' id='word_1_206' title='bbox 288 2871 495 2960; x_wconf 78' lang='grc' dir='ltr'><strong><em>ἐπικλήσεων,</em></strong></span> <span class='ocrx_word' id='word_1_207' title='bbox 518 2877 674 2964; x_wconf 87' lang='lat' dir='ltr'><strong>Hesychii</strong></span> <span class='ocrx_word' id='word_1_208' title='bbox 696 2878 832 2964; x_wconf 90' lang='lat' dir='ltr'><strong>propria</strong></span> <span class='ocrx_word' id='word_1_209' title='bbox 843 2880 878 2959; x_wconf 88' lang='lat'><strong>¹),</strong></span> <span class='ocrx_word' id='word_1_210' title='bbox 899 2890 1031 2964; x_wconf 90' lang='lat' dir='ltr'><strong>practer</strong></span> <span class='ocrx_word' id='word_1_211' title='bbox 1044 2901 1215 2944; x_wconf 89' lang='lat' dir='ltr'><strong>numerum</strong></span> <span class='ocrx_word' id='word_1_212' title='bbox 1231 2901 1269 2943; x_wconf 93' lang='lat' dir='ltr'><strong>eo</strong></span> <span class='ocrx_word' id='word_1_213' title='bbox 1285 2899 1416 2965; x_wconf 92' lang='lat' dir='ltr'><strong>quoque</strong></span> 
     </span>
     <span class='ocr_line' id='line_1_24' title="bbox 72 2974 1414 3068; baseline -0.001 -23"><span class='ocrx_word' id='word_1_214' title='bbox 72 2977 308 3045; x_wconf 89' lang='lat' dir='ltr'><strong>memorabiles</strong></span> <span class='ocrx_word' id='word_1_215' title='bbox 331 2977 420 3065; x_wconf 92' lang='lat' dir='ltr'><strong>quod</strong></span> <span class='ocrx_word' id='word_1_216' title='bbox 443 3001 553 3044; x_wconf 91' lang='lat' dir='ltr'><strong>omnes</strong></span> <span class='ocrx_word' id='word_1_217' title='bbox 577 2979 619 3044; x_wconf 88' lang='lat' dir='ltr'><strong>ad</strong></span> <span class='ocrx_word' id='word_1_218' title='bbox 641 3001 737 3043; x_wconf 85' lang='lat' dir='ltr'><strong>veras</strong></span> <span class='ocrx_word' id='word_1_219' title='bbox 759 2974 941 3065; x_wconf 75' lang='grc' dir='ltr'><strong><em>ἐπικλήσεις</em></strong></span> <span class='ocrx_word' id='word_1_220' title='bbox 962 2983 1144 3067; x_wconf 89' lang='lat' dir='ltr'><strong>pertinent,</strong></span> <span class='ocrx_word' id='word_1_221' title='bbox 1171 2981 1263 3046; x_wconf 92' lang='lat' dir='ltr'><strong>nulla</strong></span> <span class='ocrx_word' id='word_1_222' title='bbox 1284 2979 1325 3045; x_wconf 88' lang='lat' dir='ltr'><strong>ad</strong></span> <span class='ocrx_word' id='word_1_223' title='bbox 1350 2983 1414 3068; x_wconf 92' lang='lat' dir='ltr'><strong>epi-</strong></span> 
     </span>
     <span class='ocr_line' id='line_1_25' title="bbox 77 3077 1415 3167; baseline 0.002 -23"><span class='ocrx_word' id='word_1_224' title='bbox 77 3083 193 3146; x_wconf 89' lang='lat' dir='ltr'><strong>theton</strong></span> <span class='ocrx_word' id='word_1_225' title='bbox 219 3079 322 3144; x_wconf 92' lang='lat' dir='ltr'><strong>ullum</strong></span> <span class='ocrx_word' id='word_1_226' title='bbox 345 3082 520 3167; x_wconf 90' lang='lat' dir='ltr'><strong>poeticum,</strong></span> <span class='ocrx_word' id='word_1_227' title='bbox 556 3091 588 3144; x_wconf 93' lang='lat' dir='ltr'><strong>et</strong></span> <span class='ocrx_word' id='word_1_228' title='bbox 617 3080 705 3167; x_wconf 90' lang='lat' dir='ltr'><strong>quod</strong></span> <span class='ocrx_word' id='word_1_229' title='bbox 734 3102 845 3145; x_wconf 92' lang='lat' dir='ltr'><strong>omnes</strong></span> <span class='ocrx_word' id='word_1_230' title='bbox 872 3077 1070 3167; x_wconf 77' lang='grc' dir='ltr'><strong><em>ἐπικλήσεων</em></strong></span> <span class='ocrx_word' id='word_1_231' title='bbox 1093 3106 1191 3148; x_wconf 86' lang='lat' dir='ltr'><strong>causa</strong></span> <span class='ocrx_word' id='word_1_232' title='bbox 1213 3082 1415 3167; x_wconf 86' lang='lat' dir='ltr'><strong>adferuntur,</strong></span> 
     </span>
     <span class='ocr_line' id='line_1_26' title="bbox 78 3181 1416 3273; baseline 0.003 -27"><span class='ocrx_word' id='word_1_233' title='bbox 78 3204 143 3248; x_wconf 91' lang='lat' dir='ltr'><strong>non</strong></span> <span class='ocrx_word' id='word_1_234' title='bbox 158 3195 196 3247; x_wconf 91' lang='lat' dir='ltr'><strong>ut</strong></span> <span class='ocrx_word' id='word_1_235' title='bbox 212 3182 304 3246; x_wconf 89' lang='lat' dir='ltr'><strong>locus</strong></span> <span class='ocrx_word' id='word_1_236' title='bbox 319 3181 407 3247; x_wconf 90' lang='lat' dir='ltr'><strong>ullus</strong></span> <span class='ocrx_word' id='word_1_237' title='bbox 423 3204 440 3246; x_wconf 94' lang='lat' dir='ltr'><strong>e</strong></span> <span class='ocrx_word' id='word_1_238' title='bbox 456 3185 615 3270; x_wconf 87' lang='lat' dir='ltr'><strong>scriptore</strong></span> <span class='ocrx_word' id='word_1_239' title='bbox 630 3184 753 3270; x_wconf 85' lang='lat' dir='ltr'><strong>petitus</strong></span> <span class='ocrx_word' id='word_1_240' title='bbox 769 3182 991 3266; x_wconf 88' lang='lat' dir='ltr'><strong>adumbretur,</strong></span> <span class='ocrx_word' id='word_1_241' title='bbox 1013 3185 1070 3249; x_wconf 88' lang='lat' dir='ltr'><strong>sed</strong></span> <span class='ocrx_word' id='word_1_242' title='bbox 1092 3196 1129 3249; x_wconf 92' lang='lat' dir='ltr'><strong>ut</strong></span> <span class='ocrx_word' id='word_1_243' title='bbox 1150 3184 1311 3249; x_wconf 89' lang='lat' dir='ltr'><strong>indicetur</strong></span> <span class='ocrx_word' id='word_1_244' title='bbox 1332 3208 1416 3273; x_wconf 87' lang='lat' dir='ltr'><strong>quae</strong></span> 
     </span>
     <span class='ocr_line' id='line_1_27' title="bbox 82 3280 1417 3374; baseline 0.003 -26"><span class='ocrx_word' id='word_1_245' title='bbox 82 3287 131 3349; x_wconf 93' lang='lat' dir='ltr'><strong>cui</strong></span> <span class='ocrx_word' id='word_1_246' title='bbox 148 3284 209 3349; x_wconf 92' lang='lat' dir='ltr'><strong>deo</strong></span> <span class='ocrx_word' id='word_1_247' title='bbox 228 3306 370 3370; x_wconf 87' lang='lat' dir='ltr'><strong>quonam</strong></span> <span class='ocrx_word' id='word_1_248' title='bbox 385 3284 458 3350; x_wconf 94' lang='lat' dir='ltr'><strong>loco</strong></span> <span class='ocrx_word' id='word_1_249' title='bbox 473 3287 573 3350; x_wconf 85' lang='lat' dir='ltr'><strong>fuerit</strong></span> <span class='ocrx_word' id='word_1_250' title='bbox 588 3280 776 3370; x_wconf 81' lang='grc' dir='ltr'><strong><em>ἐπίκλησεις.</em></strong></span> <span class='ocrx_word' id='word_1_251' title='bbox 823 3284 936 3371; x_wconf 83' lang='lat' dir='ltr'><strong>Atque</strong></span> <span class='ocrx_word' id='word_1_252' title='bbox 949 3286 1008 3351; x_wconf 92' lang='lat' dir='ltr'><strong>has</strong></span> <span class='ocrx_word' id='word_1_253' title='bbox 1023 3286 1154 3373; x_wconf 91' lang='lat' dir='ltr'><strong>quidem</strong></span> <span class='ocrx_word' id='word_1_254' title='bbox 1170 3287 1295 3374; x_wconf 84' lang='lat' dir='ltr'><strong>glossas</strong></span> <span class='ocrx_word' id='word_1_255' title='bbox 1310 3287 1417 3374; x_wconf 86' lang='lat' dir='ltr'><strong>Hesy-</strong></span> 
     </span>
    </p>
   </div>
   <div class='ocr_carea' id='block_1_2' title="bbox 83 3385 1417 3676">
    <p class='ocr_par' dir='ltr' id='par_1_5' title="bbox 83 3385 1417 3676">
     <span class='ocr_line' id='line_1_28' title="bbox 85 3385 1417 3476; baseline 0.003 -26"><span class='ocrx_word' id='word_1_256' title='bbox 85 3386 191 3450; x_wconf 92' lang='lat' dir='ltr'><strong>chium</strong></span> <span class='ocrx_word' id='word_1_257' title='bbox 214 3385 421 3470; x_wconf 87' lang='lat' dir='ltr'><strong>Diogeniano</strong></span> <span class='ocrx_word' id='word_1_258' title='bbox 444 3387 564 3452; x_wconf 90' lang='lat' dir='ltr'><strong>dehere</strong></span> <span class='ocrx_word' id='word_1_259' title='bbox 586 3398 623 3451; x_wconf 90' lang='lat' dir='ltr'><strong>ut</strong></span> <span class='ocrx_word' id='word_1_260' title='bbox 646 3409 706 3473; x_wconf 92' lang='lat' dir='ltr'><strong>per</strong></span> <span class='ocrx_word' id='word_1_261' title='bbox 734 3408 768 3452; x_wconf 88' lang='lat' dir='ltr'><strong>se</strong></span> <span class='ocrx_word' id='word_1_262' title='bbox 797 3397 889 3473; x_wconf 85' lang='lat' dir='ltr'><strong>patet</strong></span> <span class='ocrx_word' id='word_1_263' title='bbox 919 3410 1026 3474; x_wconf 93' lang='lat' dir='ltr'><strong>neque</strong></span> <span class='ocrx_word' id='word_1_264' title='bbox 1057 3393 1186 3455; x_wconf 92' lang='lat' dir='ltr'><strong>omnino</strong></span> <span class='ocrx_word' id='word_1_265' title='bbox 1218 3392 1417 3476; x_wconf 88' lang='lat' dir='ltr'><strong>argumentis</strong></span> 
     </span>
     <span class='ocr_line' id='line_1_29' title="bbox 83 3485 1417 3577; baseline 0.004 -27"><span class='ocrx_word' id='word_1_266' title='bbox 83 3487 216 3573; x_wconf 89' lang='lat' dir='ltr'><strong>indiget,</strong></span> <span class='ocrx_word' id='word_1_267' title='bbox 238 3488 284 3550; x_wconf 87' lang='lat' dir='ltr'><strong>ita</strong></span> <span class='ocrx_word' id='word_1_268' title='bbox 308 3485 351 3551; x_wconf 88' lang='lat' dir='ltr'><strong>ad</strong></span> <span class='ocrx_word' id='word_1_269' title='bbox 373 3487 534 3574; x_wconf 93' lang='lat' dir='ltr'><strong>liquidum</strong></span> <span class='ocrx_word' id='word_1_270' title='bbox 556 3489 690 3575; x_wconf 90' lang='lat' dir='ltr'><strong>perduci</strong></span> <span class='ocrx_word' id='word_1_271' title='bbox 713 3499 831 3576; x_wconf 91' lang='lat' dir='ltr'><strong>potest,</strong></span> <span class='ocrx_word' id='word_1_272' title='bbox 854 3512 928 3554; x_wconf 90' lang='lat' dir='ltr'><strong>cum</strong></span> <span class='ocrx_word' id='word_1_273' title='bbox 943 3492 1039 3554; x_wconf 91' lang='lat' dir='ltr'><strong>unius</strong></span> <span class='ocrx_word' id='word_1_274' title='bbox 1055 3502 1142 3556; x_wconf 87' lang='lat' dir='ltr'><strong>certe</strong></span> <span class='ocrx_word' id='word_1_275' title='bbox 1157 3491 1285 3577; x_wconf 89' lang='lat' dir='ltr'><strong>glossae</strong></span> <span class='ocrx_word' id='word_1_276' title='bbox 1302 3501 1417 3556; x_wconf 89' lang='lat' dir='ltr'><strong>auctor</strong></span> 
     </span>
     <span class='ocr_line' id='line_1_30' title="bbox 84 3587 1416 3676; baseline 0.002 -23"><span class='ocrx_word' id='word_1_277' title='bbox 84 3588 309 3674; x_wconf 88' lang='lat' dir='ltr'><strong>Diogenianus</strong></span> <span class='ocrx_word' id='word_1_278' title='bbox 333 3587 453 3654; x_wconf 89' lang='lat' dir='ltr'><strong>diserte</strong></span> <span class='ocrx_word' id='word_1_279' title='bbox 474 3592 666 3656; x_wconf 91' lang='lat' dir='ltr'><strong>nominetur.</strong></span> <span class='ocrx_word' id='word_1_280' title='bbox 710 3591 912 3676; x_wconf 83' lang='lat' dir='ltr'><strong>Hesychium</strong></span> <span class='ocrx_word' id='word_1_281' title='bbox 936 3593 1019 3657; x_wconf 92' lang='lat' dir='ltr'><strong>enim</strong></span> <span class='ocrx_word' id='word_1_282' title='bbox 1042 3615 1116 3658; x_wconf 91' lang='lat' dir='ltr'><strong>cum</strong></span> <span class='ocrx_word' id='word_1_283' title='bbox 1136 3594 1271 3668; x_wconf 78' lang='lat' dir='ltr'><strong>scribat:</strong></span> <span class='ocrx_word' id='word_1_284' title='bbox 1300 3587 1416 3674; x_wconf 61' lang='grc' dir='ltr'><strong><em>Βριιόν</em></strong></span> 
     </span>
    </p>
   </div>
   <div class='ocr_carea' id='block_1_3' title="bbox 204 3788 1002 3864">
    <p class='ocr_par' dir='ltr' id='par_1_6' title="bbox 204 3788 1002 3864">
     <span class='ocr_line' id='line_1_31' title="bbox 204 3788 1002 3864; baseline -0.003 -16"><span class='ocrx_word' id='word_1_285' title='bbox 204 3793 226 3860; x_wconf 84' lang='grc'><strong>1)</strong></span> <span class='ocrx_word' id='word_1_286' title='bbox 248 3788 293 3848; x_wconf 80' lang='lat' dir='ltr'><strong>cf.</strong></span> <span class='ocrx_word' id='word_1_287' title='bbox 310 3790 350 3849; x_wconf 82' lang='lat' dir='ltr'><strong>M.</strong></span> <span class='ocrx_word' id='word_1_288' title='bbox 369 3789 518 3851; x_wconf 84' lang='lat' dir='ltr'><strong>Schmidtii</strong></span> <span class='ocrx_word' id='word_1_289' title='bbox 538 3797 649 3862; x_wconf 85' lang='lat' dir='ltr'><strong>pnaest.</strong></span> <span class='ocrx_word' id='word_1_290' title='bbox 667 3791 794 3864; x_wconf 85' lang='lat' dir='ltr'><strong>Hesych.</strong></span> <span class='ocrx_word' id='word_1_291' title='bbox 810 3811 839 3864; x_wconf 92' lang='lat' dir='ltr'><strong>p.</strong></span> <span class='ocrx_word' id='word_1_292' title='bbox 858 3790 1002 3853; x_wconf 77' lang='lat' dir='ltr'><strong>CLXXX.</strong></span> 
     </span>
    </p>
   </div>
   <div class='ocr_carea' id='block_1_4' title="bbox 0 0 1794 5580">
    <p class='ocr_par' dir='ltr' id='par_1_7' title="bbox 0 0 1794 5580">
     <span class='ocr_line' id='line_1_32' title="bbox 0 0 1794 5580; baseline 0 0"><span class='ocrx_word' id='word_1_293' title='bbox 0 0 1794 5580; x_wconf 95' lang='lat' dir='ltr'><strong> </strong></span> 
     </span>
    </p>
   </div>
  </div>
 </body>
</html>
