3548 5580
797 475 1011 540 ..44-

237 662 370 746 ignotus
392 660 482 742 (Ath.
506 661 559 726 111
584 663 644 728 111
665 663 702 744 b)
724 664 898 750 inscriptus
921 657 1213 749 11111Ἕπικλήσεις,
1237 687 1308 729 eam
1329 664 1584 752 compilavisse;

238 762 296 828 sed
327 763 408 828 haec
443 764 583 850 suspicio
617 774 793 852 propterea
831 767 972 852 speciem
1004 769 1073 832 veri
1102 788 1167 831 non
1198 767 1307 851 habet,
1343 766 1434 853 quod
1467 789 1513 832 ex
1541 769 1580 833 iis

236 865 326 950 locis,
350 867 468 952 quibus
489 865 637 931 doctrina
658 867 801 932 Socratis
824 878 954 934 servata
977 879 1026 933 est
1048 866 1155 953 (Phot.
1176 869 1197 932 1.
1219 869 1252 952 l.,
1274 868 1373 933 schol.
1393 869 1461 957 Ap.
1479 870 1579 937 RlaI

237 967 323 1051 966),
355 967 462 1032 elucet
492 989 565 1031 eum
593 991 658 1033 non
680 978 748 1036 tam
769 970 974 1057 compilando
998 972 1136 1036 aliorum
1160 974 1335 1035 sententias
1359 973 1575 1056 congessisse,

237 1068 294 1132 sed
328 1071 398 1157 ipse
435 1069 513 1156 quid
549 1072 691 1153 sentiret,
730 1093 799 1135 esse
835 1072 1026 1159 professum.
1039 1074 1063 1154 ¹)
1116 1072 1157 1136 Id
1191 1085 1299 1137 autem
1332 1072 1477 1137 fortasse
1510 1096 1575 1138 non

235 1170 352 1245 inutile
385 1174 446 1236 erit
477 1194 609 1236 monere
646 1174 767 1237 saeculi
797 1176 894 1260 primi
924 1199 951 1240 a.
977 1173 1051 1240 Chr.
1085 1177 1255 1262 proprium
1287 1174 1388 1238 fuisse
1419 1197 1458 1239 ea
1488 1199 1573 1263 quae

236 1270 383 1337 doctrina
406 1283 438 1337 et
460 1277 638 1359 sagacitate
662 1277 776 1339 aetatis
797 1279 973 1363 superioris
996 1280 1112 1342 effecta
1134 1286 1235 1359 erant,
1256 1278 1290 1339 in
1311 1299 1408 1342 usum
1423 1280 1572 1343 virorum

235 1373 406 1439 doctorum
436 1376 606 1461 colligere:
643 1380 740 1442 etiam
776 1378 859 1443 illud
893 1380 1122 1466 compendium
1153 1378 1446 1466 mythographum,
1481 1378 1570 1466 quod

233 1476 332 1541 fuisse
355 1478 432 1542 olim
453 1478 589 1543 Bethius
612 1480 646 1560 (1.
669 1480 704 1561 1.)
737 1482 951 1566 comprobare
981 1480 1114 1565 studuit,
1142 1483 1247 1568 primo
1275 1503 1305 1547 a.
1328 1480 1404 1546 Ohr.
1435 1481 1569 1547 saeculo

232 1579 295 1644 fuit
318 1582 546 1669 conscriptum.

883 1752 913 1816 5.

358 1886 425 1951 Eos
440 1895 598 1971 auctores,
622 1909 704 1974 quos
719 1880 918 1971 ἕπικλήσεων
934 1889 1061 1973 sylloge
1074 1910 1151 1953 usos
1167 1911 1236 1953 1111
1252 1888 1390 1972 ostendi,
1412 1893 1569 1976 quoniam

232 2009 274 2051 ex
294 1987 351 2052 illa
373 2012 438 2053 non
460 1989 566 2054 solum
596 2012 650 2054 eas
683 1985 865 2073 ἐπικλήσεις
893 1993 1067 2077 sumpsisse
1098 2013 1158 2078 per
1187 2013 1220 2055 11
1250 2001 1351 2078 patet,
1382 1994 1417 2056 in
1449 1995 1568 2080 quibus

230 2092 315 2155 inter
327 2113 361 2155 11
375 2095 588 2177 consentiunt,
610 2092 667 2156 sed
690 2095 787 2156 etiam
810 2116 873 2176 eas,
896 2116 980 2179 quae
995 2096 1090 2158 unius
1105 2096 1262 2180 cuiusque
1278 2116 1390 2158 eorum
1409 2098 1566 2182 propriae

230 2204 314 2276 sunt,
335 2215 390 2258 eos
413 2194 513 2259 locos·
523 2196 651 2260 iuvabit
672 2217 862 2258 enumerare
883 2205 1002 2278 omnes,
1028 2198 1084 2281 qui
1108 2218 1149 2260 ex
1170 2196 1480 2261 illamanaverunt
1516 2196 1566 2262 Its

230 2299 324 2380 enim,
346 2298 373 2361 si
387 2299 458 2384 quis
474 2298 701 2384 comprobabit
717 2318 801 2383 quae
814 2298 918 2383 posui,
936 2297 1049 2362 eadem
1063 2321 1161 2384 quam
1179 2298 1246 2362 late
1258 2308 1394 2385 pateant
1410 2298 1565 2365 facillime

230 2411 413 2483 cognoscet,
435 2401 484 2464 sin
507 2410 616 2464 autem
636 2407 726 2463 recte
747 2421 799 2462 me
815 2400 1032 2486 disputavisse
1054 2401 1126 2486 quis
1147 2401 1289 2486 negabit,
1312 2421 1388 2464 eum
1410 2401 1561 2466 1111111111

228 2501 393 2566 refutandi
417 2525 511 2567 ansas
533 2503 742 2566 inventurum
766 2511 798 2565 et
821 2512 994 2588 capturum
1017 2524 1087 2566 esse
1110 2525 1216 2589 spero.

356 2621 445 2685 Illud
476 2631 584 2686 autem
618 2644 659 2685 ex
690 2620 805 2705 indice,
837 2624 893 2708 qui
914 2621 999 2686 infra
1028 2632 1241 2709 proponetur,
1271 2621 1433 2705 elucebit,
1465 2645 1563 2688 unum

227 2721 435 2808 Pamphilum
458 2761 498 2770 —
515 2734 552 2789 ut
574 2747 635 2810 par
660 2734 730 2787 erat
752 2726 786 2787 in
807 2723 958 2804 γλωσσῶν
978 2724 1030 2787 καὶ
1054 2718 1222 2804 ὀνομάτων
1245 2723 1329 2786 libro
1345 2761 1387 2770 —
1412 2724 1564 2812 syllogen

229 2825 262 2888 in
286 2847 380 2890 suum
403 2847 485 2912 opus
499 2826 702 2890 transtulisse
723 2835 835 2909 totam,
860 2848 956 2912 equo
973 2825 1161 2890 Athenaeus
1175 2827 1389 2912 paucissimos
1410 2826 1565 2892 flosculos

227 2949 317 2991 more
340 2949 398 2992 suo
421 2927 594 3012 delibavit,
618 2929 841 3015 Diogenianus
863 2937 981 3012 autem,
1005 2951 1079 2993 eum
1100 2927 1179 2993 nihil
1202 2939 1315 3013 ageret
1335 2928 1398 2992 nisi
1414 2939 1453 2992 ut
1470 2928 1561 2992 Pam·

225 3029 351 3116 philum
367 3029 563 3109 decurtaret,
585 3031 709 3097 nullam
723 3031 868 3097 habebat
883 3024 1024 3107 causam,
1040 3053 1097 3095 eur
1114 3042 1219 3095 certas
1235 3030 1360 3116 aliquas
1380 3023 1564 3114 ἐπικλήσεις

226 3136 398 3217 omitteret,
422 3133 479 3198 sed
500 3128 683 3218 ἐπικλήσεις
704 3156 769 3198 non
790 3134 885 3197 aliter
907 3132 1091 3197 decurtavit
1113 3142 1211 3219 atque
1232 3132 1376 3218 reliquas
1397 3131 1563 3218 Pamphili

224 3235 366 3321 glossas;
398 3238 510 3322 itaque
538 3259 599 3324 per
622 3259 696 3301 eum
718 3237 860 3300 maxima
884 3245 982 3320 atque
1004 3236 1126 3321 optima
1146 3257 1224 3321 pars
1252 3234 1401 3319 syllegae
1431 3243 1562 3299 servata

225 3349 283 3423 ost,
305 3337 481 3404 dummodo
510 3348 678 3405 teneamus
703 3338 899 3424 Diogeniani
930 3358 1060 3424 quoque
1091 3358 1172 3422 opus
1202 3359 1261 3424 per
1284 3338 1392 3400 varios
1415 3335 1560 3400 homines

226 3450 426 3529 excerptum,
458 3462 523 3505 non
556 3442 718 3526 integrum
750 3462 929 3527 superesse.
979 3437 1163 3525 Ereliquis
1184 3460 1278 3502 nemo
1308 3437 1342 3501 id
1364 3439 1494 3523 agebat,
1524 3448 1560 3500 ut

229 3543 379 3630 syllogen
398 3552 501 3608 totam
516 3542 726 3627 describeret,
750 3542 806 3607 sed
828 3565 940 3607 omncs
962 3543 1058 3606 certis
1080 3540 1221 3605 consiliis
1243 3543 1328 3604 intra
1350 3550 1459 3604 certos
1480 3539 1560 3604 fines

224 3646 492 3711 continebantur:
531 3645 682 3710 Clemens
722 3647 806 3709 enim
839 3667 1042 3732 paganorum
1080 3643 1271 3728 religionem
1307 3641 1558 3706 cavillabundus

222 3749 418 3836 paucissima
443 3747 586 3835 epitheta
610 3769 651 3812 ex
672 3745 818 3812 ridiculis
847 3747 971 3832 selegit,
1001 3754 1100 3832 atque
1123 3746 1150 3808 is
1174 3743 1305 3831 quidem
1327 3744 1386 3807 vix
1406 3743 1557 3830 syllogen

346 3990 369 4057 ¹)
395 3986 540 4043 Socratem
558 3984 646 4040 Coum
669 3984 788 4039 eundem
812 4001 873 4039 esse
892 3988 979 4054 atque
996 3982 1212 4054 grammaticum
1230 3981 1374 4037 Socratem
1397 3979 1427 4031 in
1444 3977 1497 4031 Et⁰
1514 3976 1555 4031 11ο

224 4073 262 4143 (p.
283 4072 342 4138 389,
368 4072 411 4140 18)
439 4078 686 4127 commemoratum
709 4071 736 4125 J.
756 4071 890 4141 Toepffer
918 4087 976 4124 non
1003 4069 1127 4124 debebat
1148 4066 1318 4123 contendere
1343 4063 1416 4130 (Att.
1440 4062 1555 4120 Genesi.

223 4158 282 4223 302,
301 4160 342 4226 2);
371 4159 418 4231 qui
440 4160 642 4231 grammaticus
670 4158 687 4211 1,
710 4158 727 4210 l.
754 4174 811 4212 non
834 4156 916 4211 modo
940 4162 1039 4210 contra
1061 4155 1155 4221 Orum,
1177 4155 1318 4209 hominem
1341 4152 1421 4205 tertii
1444 4169 1473 4222 p.
1491 4150 1554 4206 Chr.

222 4244 335 4309 saeculi,
349 4244 470 4310 disserit,
484 4262 546 4299 curn
556 4246 699 4299 Socratem
713 4241 872 4309 ἐπικλήσιων
885 4249 1029 4296 auctorem
1042 4244 1078 4297 ab
1091 4243 1237 4296 Athenaeo
1256 4239 1296 4305 (id
1309 4243 1354 4292 est
1365 4255 1382 4291 a
1394 4236 1552 4308 Pamphilo)

220 4330 249 4384 in
262 4331 377 4402 panium
390 4331 522 4401 catalogo
541 4331 594 4395 (111
616 4338 664 4391 111
683 4330 712 4396 b)
735 4331 845 4384 laudari
864 4329 997 4399 Toepffcr
1015 4331 1076 4400 ipse
1095 4326 1334 4389 animadverterit,
1354 4324 1552 4378 verumetiam

221 4433 323 4471 nonicn
354 4418 414 4471 aius
445 4417 473 4469 is
495 4416 545 4469 ldt⁰
564 4416 607 4469 Μο
629 4432 686 4469 non
710 4416 846 4470 traditum
869 4422 919 4480 est,
950 4416 999 4469 scd
1021 4416 1130 4469 Musuri
1154 4414 1272 4468 debetur
1299 4412 1480 4465 coniecturae
1506 4406 1551 4471 (11.

218 4502 368 4558 (1111111111
386 4504 623 4569 annotationarn);
642 4520 658 4557 e
676 4503 756 4573 siglis
775 4502 882 4557 codicis
895 4502 942 4555 Eti
960 4502 1000 4555 Mi
1020 4502 1036 4554 l.
1050 4502 1067 4555 l.
1086 4501 1157 4554 nihil
1174 4499 1287 4553 videtur
1304 4513 1388 4567 posse
1407 4496 1479 4561 elici,
1499 4493 1552 4548 nisi

219 4587 289 4643 hacc
311 4588 424 4651 111111.
443 4634 474 4647 ..
502 4578 593 4655 οὕτως
622 4588 700 4666 Ωρος.
727 4588 744 4643 d
768 4583 796 4643 ds
818 4582 1007 4667 γραμματικὸς
1033 4587 1166 4657 ἀντιλέγει
1187 4585 1246 4640 κτλ.
1290 4584 1392 4653 ltaque
1416 4598 1484 4636 vera
1511 4586 1552 4636 est

219 4674 431 4729 Wilsmowitaii
452 4675 599 4739 suntcntia,
619 4676 666 4745 qui
687 4682 783 4729 coarcat
800 4674 919 4729 vocibus
946 4673 962 4729 ὁ
982 4667 1010 4728 ds
1029 4669 1218 4752 γραμματικός
1239 4669 1397 4741 significari
1415 4667 1551 4723 Herodis·

217 4776 297 4817 num:
319 4762 368 4835 qui
386 4761 539 4817 sescenties
558 4759 595 4815 ub
614 4762 665 4815 (tri
683 4760 799 4833 placitis
817 4759 940 4815 discedit
959 4766 988 4815 et
1011 4753 1201 4840 γραμματικὸς
1218 4764 1337 4815 vocatur
1361 4756 1426 4811 κατ’
1444 4750 1552 4828 leogis.
