3548 5580
791 542 982 609 ..9-

227 710 346 811 extent,
366 727 446 817 quid
469 738 526 812 est,
549 749 607 793 cur
629 728 783 793 miremur
803 750 877 793 eum
899 726 1043 794 codicem
1065 726 1176 816 paullo
1198 726 1382 793 uberiorem
1407 726 1549 814 exscrip-

227 835 313 913 sisse,
342 832 535 919 preesertim
564 853 639 895 cum
668 829 784 895 suidas
811 830 941 895 saeculo
973 829 1098 896 decimo
1129 832 1186 894 vix
1212 831 1356 917 potuerit
1383 829 1475 894 libris
1501 831 1550 894 uti

226 936 352 1022 scriptis
384 932 516 999 saeculo
549 931 741 998 duodecimo
774 933 827 998 vel
860 934 956 997 tertio
989 933 1138 998 decimo?
1195 931 1236 997 Id
1271 954 1401 1020 quoque
1435 953 1549 997 moneo

221 1035 354 1104 Suidem
380 1034 462 1101 dues
486 1030 670 1120 ἐπικλήσεις
692 1057 890 1120 enumerare,
918 1058 1002 1123 quse
1023 1036 1123 1101 solius
1145 1035 1353 1102 Ambrosiani
1380 1043 1464 1118 sunt,
1485 1056 1551 1099 non

219 1140 445 1222 Laurentium,
474 1137 593 1204 Jovem
613 1132 737 1201 Ἀλεῖοι
766 1150 798 1204 et
828 1143 947 1213 ξένιιινε
979 1162 1054 1204 nem
1085 1161 1158 1204 cum
1183 1138 1422 1205 Laurentianus
1452 1160 1549 1202 unam

218 1242 349 1308 noverit
374 1240 513 1306 formem
541 1241 680 1306 ionicam
708 1239 835 1321 ξεινίου,
864 1243 897 1305 in
918 1240 1135 1307 Ambrosiano
1164 1242 1263 1305 attica
1284 1241 1389 1315 ξενίου
1410 1238 1550 1322 additur,

223 1366 323 1431 quam
342 1341 460 1408 Suidas
481 1342 589 1409 habet.

353 1443 447 1527 Quae
470 1467 545 1510 oum
565 1447 611 1511 its
624 1447 696 1530 sint,
716 1444 836 1511 Suidae
859 1445 986 1530 glossae
1005 1439 1202 1530 ἕπικλήσειιν
1215 1443 1336 1509 nullius
1350 1447 1448 1532 pretii
1467 1455 1550 1527 sunt,

219 1549 297 1637 quia
319 1569 526 1632 anonymum,
562 1546 647 1612 unde
676 1547 850 1632 fluxerunt,
879 1549 910 1611 in
933 1548 1082 1612 manibus
1104 1547 1269 1612 habemus.
1324 1545 1424 1612 Cuius
1446 1548 1549 1614 libelli

219 1661 349 1715 textum
372 1650 398 1714 si
422 1651 628 1714 constituturi
648 1672 766 1734 sumus,
799 1649 915 1715 Suidas
944 1649 1064 1714 codicis
1095 1651 1196 1713 instar
1230 1659 1294 1732 est3
1326 1660 1424 1737 etque
1455 1650 1553 1736 illum,

221 1752 352 1817 duobus
364 1750 514 1839 epithetis
526 1762 632 1838 auget,
647 1775 744 1818 unam
759 1751 973 1817 Studemundi
984 1753 1203 1817 coniecturam
1214 1748 1393 1835 confirmet,
1410 1752 1549 1817 alterum

221 1854 332 1918 locum
353 1865 542 1941 corruptum
565 1865 674 1920 sanet:
707 1878 782 1919 nam
804 1877 878 1920 oum
898 1854 1137 1919 Laurentianus
1156 1854 1241 1917 inter
1264 1852 1383 1917 Bacchi
1406 1855 1549 1942 epitheta

227 1976 326 2019 unum
343 1956 509 2044 praebeat,
545 1955 633 2042 quod
654 1956 801 2043 intellegi
822 1958 934 2043 nequit
956 1951 1131 2020 Κωλοάνου
1153 1954 1197 2039 (V
1219 1956 1285 2039 21),
1312 1953 1428 2020 Suidas
1450 1959 1548 2047 scrip-

229 2069 333 2122 turam
360 2068 470 2123 servat
492 2079 617 2123 veram:
648 2055 814 2145 Κωλώτης,
850 2081 914 2145 quo
938 2060 1127 2143 cognomine
1150 2055 1263 2123 eadem
1291 2057 1360 2122 fere
1389 2062 1548 2126 sententia

224 2159 372 2225 Bocchus
405 2158 590 2248 appellatus
619 2171 667 2226 est
700 2172 798 2248 atquc
828 2158 939 2225 Venus
959 2158 1110 2235 Κωλῶτις
1141 2158 1337 2248 Cypriorum
1370 2159 1547 2248 (Lycophr.

221 2260 284 2328 837
308 2282 383 2327 cum
405 2261 541 2346 scholi).
